1855 2589
613 116 739 164 AD
811 111 1432 161 LECTOREM.

390 242 483 273 non
505 221 689 271 inscribo
703 259 717 281 ,
757 241 835 271 nec
856 237 994 289 partes
1014 218 1237 269 Tullianas
1256 219 1366 268 mihi
1391 217 1529 266 sumo.
1569 213 1658 266 Alii

390 323 535 355 meros
559 303 682 352 flores
704 304 971 374 loquantur,
1009 301 1081 351 alii
1116 300 1220 351 folia
1245 310 1288 350 δε
1316 299 1486 350 inutiles
1513 318 1660 349 ramos

390 386 674 436 diffundant:
713 404 762 435 tu
792 394 854 436 mi
877 392 1032 436 Lestor
1059 384 1089 434 fi
1118 386 1310 434 fructum
1335 381 1508 452 legem,
1546 388 1663 450 opti‘

389 486 513 517 marn
541 484 707 534 partem
739 466 922 535 elegeris.
995 465 1202 534 Pleraque
1231 484 1378 515 tamen
1412 467 1612 532 congesta
1638 463 1663 514 ὲ

390 550 669 618 scriptoribus
693 569 797 600 curn
813 548 928 598 sacris
940 566 1038 598 turn
1065 547 1281 616 profanis,
1319 547 1589 615 Philosophis
1616 559 1662 600 &

392 637 562 688 Poetis,
602 636 704 679 trita
729 649 1058 699 nonnunquam
1085 667 1098 688 ,
1140 627 1170 678 si
1207 633 1305 698 quis
1340 628 1562 687 causetur,
1602 649 1663 679 re·

390 731 557 782 ponam
598 710 831 778 vulgatum
862 710 971 760 illud
996 731 1007 759 ι
1058 717 1280 776 Nunquam
1314 709 1429 773 satis
1476 711 1663 768 dicitur,

388 797 494 861 quod
527 812 730 858 nunquam
756 793 864 858 satis
893 793 1076 856 discitur.
1150 789 1304 840 Zoilos
1328 808 1474 840 autern
1490 827 1506 849 ,
1555 796 1665 840 Mo·

391 894 519 932 mOS,
560 874 954 942 Mastigophoros,
994 882 1038 922 &
1072 871 1220 922 similis
1262 871 1413 921 farinae
1461 871 1667 922 homines

392 963 583 1008 minime
610 977 716 1006 curo
735 994 749 1017 ,
783 955 1000 1025 fiquidem
1027 957 1165 1024 probe
1180 961 1317 1014 novi,
1354 961 1576 1022 promtius
1591 958 1670 1006 effe

393 1042 605 1090 omnibus
635 1040 823 1100 judicare
841 1057 977 1110 quam
996 1039 1156 1099 facere,
1198 1049 1242 1089 &
1272 1038 1325 1088 de
1346 1038 1543 1088 castrenfi
1569 1059 1670 1090 mu-

394 1128 586 1181 nimine,
625 1121 813 1192 peticula
834 1121 1023 1172 secundo
1049 1120 1180 1172 vultu
1202 1120 1461 1190 conspicere.
1533 1127 1669 1190 Opti-

397 1223 470 1255 me
495 1204 590 1254 sane
615 1204 841 1255 Sedulius:
878 1205 1099 1269 Proferam
1115 1205 1229 1268 sua,
1267 1212 1336 1272 qui
1348 1221 1511 1272 carpere
1526 1211 1668 1256 nitun-

399 1303 469 1338 tur
488 1291 632 1339 aliena.
706 1293 761 1338 Et
787 1287 1002 1338 Martialis
1023 1310 1035 1337 ι

551 1431 721 1493 Carpere
747 1426 813 1476 vel
830 1426 916 1475 noli
936 1426 1070 1492 nostra
1085 1426 1151 1476 vel
1161 1426 1230 1475 ede
1256 1441 1342 1477 tua.

1479 1980 1676 2024 EMBLE.
