1855 2589
428 157 480 183 12
755 137 1368 181 EMBLEMATA

421 235 606 292 phyr10n:
636 234 755 274 Intra
774 244 880 275 tuam
889 234 1115 291 pelliculam
1134 244 1173 275 te
1192 234 1341 275 contine
1360 246 1376 278 ;
1414 247 1494 287 quo
1522 245 1698 274 vetamur

423 305 529 346 obliti
556 304 665 345 sortis
685 303 816 344 nostrae
830 336 839 350 ‚
872 306 1012 353 majora
1031 306 1178 349 conari,
1210 317 1325 356 quam
1345 315 1413 356 pro
1434 302 1558 343 nostra
1576 303 1695 344 facul-

422 389 511 417 tate.
568 376 772 430 Sumptum
791 373 848 420 id,
881 388 968 413 meo
992 372 1157 424 judicio,
1189 374 1236 414 ab
1263 373 1366 413 asmo
1395 373 1461 413 illo
1491 376 1691 421 Cumano,

421 461 536 502 quem
556 446 723 501 Apologi
741 444 951 484 fabulantur
963 477 971 490 ,
1001 442 1189 498 adaptasse
1209 444 1273 484 fibi
1292 445 1411 486 leonis
1423 450 1600 486 exuvium
1614 479 1622 492 ‚
1636 459 1694 487 at-

422 531 496 570 que
516 521 566 556 ita
584 516 658 556 sese
677 514 724 556 ad
744 528 896 569 tempus
914 528 983 568 pro
1003 513 1112 553 leone
1129 512 1293 569 gesfisse3
1321 515 1441 555 donec
1451 520 1600 571 agnitus
1616 549 1626 563 ‚
1656 518 1694 557 &

423 599 562 640 magno
583 589 754 624 omnium
781 583 850 624 risu
879 583 997 622 aliena
1015 582 1112 636 pelle
1133 595 1269 622 exutus
1283 611 1292 629 ‚
1323 581 1480 622 fustibus
1498 583 1545 623 ad
1564 599 1695 626 necem

424 656 635 697 caedetetur.
665 655 840 694 Tertium
861 651 936 698 est,
967 644 1068 700 μηθέν
1083 647 1183 699 οἴγειν
1201 684 1209 697 ,
1241 649 1307 691 Ne
1326 651 1423 706 quid
1439 639 1695 706 nimis-:quod

423 726 618 781 Diogenes
647 727 820 764 Laertius
850 710 1073 776 Pythagorae
1084 720 1294 776 adscripsit:
1320 721 1541 763 Aristoteles
1553 724 1695 766 Bianti:

421 793 485 834 alii
506 793 682 841 Thaleti,
712 794 774 833 alii
792 790 933 832 rursum
954 791 1094 833 Soloni.

537 891 703 931 Refflus
723 903 785 944 ego
792 898 890 943 puto
902 922 912 935 ,
943 887 1131 944 quodsz‘at
1151 888 1358 930 mediocria
1377 888 1524 931 candia.

427 978 618 1029 ertum
638 974 715 1015 est:
746 972 973 1012 Dimidium
984 973 1078 1027 plus
1097 982 1184 1014 toto.
1226 977 1315 1014 Hoc.
1333 978 1526 1030 aenigmate
1543 990 1699 1031 prover-

424 1046 510 1086 biali
530 1050 666 1085 iterum
682 1042 970 1084 commendatur
988 1057 1098 1083 aurea
1117 1042 1367 1085 mediocritas.
1398 1045 1526 1087 Plato:
1557 1046 1698 1090 Nonne

427 1113 528 1171 quod
542 1113 814 1169 ignoraverint
825 1110 1243 1164 Hcss'odmnrec‘liffime
1259 1112 1447 1152 dicentem
1458 1146 1466 1159 ‚
1498 1113 1699 1158 dimidium

389 1212 392 1214 >
419 1187 523 1240 Jaepe
543 1198 695 1224 numero
714 1182 810 1237 plus
839 1183 906 1232 eſje
932 1196 1046 1236 qaam
1074 1190 1222 1229 totum,
1251 1181 1436 1223 videlicet
1464 1198 1548 1224 cum
1576 1194 1698 1228 totum

427 1253 603 1305 accipere
621 1250 779 1289 noxium
788 1249 948 1300 faerit,
978 1247 1180 1288 dimidiam
1203 1259 1330 1290 autem
1350 1249 1597 1294 moderatum.
1633 1253 1696 1294 Ad

421 1310 583 1358 eundem
604 1316 763 1357 modum
783 1329 953 1356 enarrant
976 1315 1134 1356 Hesiodi
1155 1321 1392 1371 interpretes:
1425 1322 1461 1357 in
1483 1331 1568 1359 toto
1589 1320 1697 1377 figni-

421 1388 571 1429 ficatam
590 1384 663 1427 effe
683 1385 739 1432 τνῙν
761 1386 979 1439 πλεονεξίαν,
1012 1389 1048 1425 in
1069 1385 1228 1426 dimidio
1247 1386 1303 1432 τὴν
1322 1390 1471 1432 ἱα-ότητω.
1503 1391 1697 1444 Siquidem

423 1460 490 1509 qui
509 1454 668 1495 dimidio
686 1468 890 1495 contentus
910 1453 964 1494 est
986 1486 994 1499 ‚
1028 1457 1059 1492 is
1088 1453 1215 1494 medio
1235 1454 1419 1497 consistit:
1450 1470 1578 1499 contra
1597 1460 1699 1513 quis..

425 1526 510 1576 quis
530 1521 578 1562 ad
599 1535 725 1563 totum
746 1524 861 1576 usque
893 1520 1148 1577 progreditur,
1182 1527 1213 1563 is
1233 1524 1530 1567 mediocritatem
1549 1542 1699 1583 prseter-

425 1589 564 1648 gress'us
578 1624 586 1638 ‚
617 1591 664 1633 ad
685 1605 895 1634 extremum
914 1595 1106 1648 perveniat
1116 1606 1280 1647 oportet.
1310 1596 1451 1636 Caetera
1469 1596 1698 1651 supersedeo,

1475 2016 1557 2057 Vn.
1587 2017 1649 2057 PR
1656 2021 1700 2057 E-
