1855 2589
410 143 479 182 40.
736 121 779 167 E
804 125 856 168 M
884 123 925 167 B
950 122 991 167 L
1020 123 1061 166 E
1090 124 1145 167 M
1170 125 1216 168 A
1237 125 1280 168 T
1299 125 1347 167 A

410 223 647 278 Propertius:

575 317 706 359 Verus
724 332 833 359 amor
850 318 996 359 nullum
1015 319 1128 360 novit
1146 319 1286 361 habere
1303 317 1460 360 modum.

411 413 528 455 Reste
546 426 676 457 autem
693 414 891 456 Pausanias
908 429 1078 457 amorem
1095 415 1219 457 divifit
1241 420 1282 456 in
1296 415 1500 470 vulgarem
1517 414 1555 454 &
1567 413 1678 456 coele=

400 483 507 539 stem.
533 485 692 526 Coelesti
716 500 806 528 veto
824 500 953 528 amore
971 486 1215 543 intelligimus
1234 484 1411 528 αίῖὲὲὶιιιη
1428 486 1654 542 spiritualem
1669 519 1680 534 ,

412 570 490 611 quo
510 560 658 598 animus
675 556 792 598 fertur
809 562 846 598 in
863 561 1014 606 Deum,
1045 569 1222 614 tanquam
1244 563 1282 599 in
1312 558 1501 599 summum
1518 558 1681 607 bonum,

413 623 552 680 fibique
569 638 656 667 ante
674 630 801 667 omnia
818 625 1050 683 diligendum
1062 659 1071 674 ‚
1103 641 1180 667 non
1198 639 1347 668 tantum
1364 626 1415 667 ad
1433 627 1600 685 regulam
1616 628 1683 668 ali-

413 707 526 748 quam
544 707 610 736 aut
630 695 858 739 mensuram,
888 709 932 737 ut
951 710 1009 738 res
1033 697 1144 744 alias,
1164 695 1226 737 sed
1246 695 1320 737 fine
1340 696 1469 739 modo.
1519 700 1584 738 De
1609 697 1683 740 hoc

256 762 403 827 ζξιήζη
411 762 646 805 Bernardus.
685 764 864 806 Excellit
889 766 931 805 in
958 775 1110 807 natura
1138 764 1248 805 donis
1275 765 1426 818 affeb't‘io
1442 765 1522 807 ἵκει·
1538 780 1645 807 amor
1647 767 1685 806 is

255 856 335 881 sm„
404 834 630 888 praesertim
655 848 740 875 cum
766 835 822 876 ad
835 837 951 888 ficum
979 835 1155 876 recurrit
1185 836 1441 891 principium.
1496 841 1551 878 Et
1577 836 1685 878 alibi:

259 893 401 921 ‘mm‘
417 900 599 959 (Μαρια
616 919 682 945 res
697 904 748 957 est
764 918 893 952 amor,
919 904 957 955 [ἱ
967 905 1050 958 stcae
1067 904 1259 946 reddatur
1285 906 1449 961 origini,
1469 905 1515 958 si
1533 909 1686 961 refnstcs

409 973 481 1026 suo
502 975 628 1025 fenti,
649 977 804 1030 semper
818 990 870 1016 ex
888 988 928 1016 eo
937 977 1090 1028 sumat,
1120 974 1220 1016 unde
1221 985 1384 1031 Jugtter
1391 976 1508 1028 fluat
1546 979 1686 1018 Princi-

257 1075 366 1110 ,ΒΜ
418 1050 525 1101 pium
551 1055 679 1086 autem
705 1049 845 1086 amoris
873 1045 928 1086 est
954 1045 1030 1101 ipse
1057 1049 1193 1088 Deuzs
1231 1045 1323 1088 Non
1351 1046 1451 1087 enim
1477 1046 1688 1090 dilexmzus

260 1118 303 1145 ³7·
296 1124 339 1152 --5
418 1115 580 1163 Deum,
598 1114 676 1168 sed
688 1115 756 1156 ille
772 1115 916 1157 dilexit
933 1129 1021 1164 nos
1045 1115 1094 1160 &
1113 1114 1351 1170 mtfitfilium
1360 1117 1475 1170 ficum
1501 1118 1688 1174 expiatio-

411 1200 504 1229 mm
511 1195 592 1242 pro
598 1186 779 1243 peccatis
796 1185 944 1242 nqstris.

1438 1901 1548 1946 XXI.
1575 1901 1698 1946 NON
