1855 2589
465 153 1084 200 SELECTIORA.
1370 163 1422 211 67

645 301 685 341 X
713 303 754 343 X
781 304 822 343 X
849 304 867 341 I
897 302 946 342 V.

174 406 339 460 QUOD
366 405 642 446 GEMINUM
670 405 768 446 EST
798 406 926 447 PLUS
956 406 1138 462 USQJE
1168 407 1366 448 VALET.

279 540 418 582 vnitae
445 543 560 584 vires
587 542 629 587 t&
653 543 865 595 consociata
882 544 1053 599 potessas

334 611 459 654 Nihil
477 611 548 664 fibi
576 626 647 655 non
677 621 804 654 tutum
832 613 965 655 reddit
994 613 1035 657 &⁸
1064 627 1168 655 omne
1197 614 1335 658 domat.

141 747 364 856 SCilui-us
385 749 524 805 Scytha
541 749 676 792 liberos
705 752 899 808 ostoginta
927 750 1109 793 masculos
1137 751 1298 798 liabens,
1329 766 1417 794 cum

211 818 300 861 esset
318 826 521 863 moriturus
540 821 716 864 fasculum
730 824 941 875 jaculorum
960 822 1112 880 fingulis
1132 827 1320 878 porrexit,
1341 824 1417 874 jus-

141 887 263 943 sitque
282 887 459 945 frangere.
498 890 541 931 Id
559 906 645 932 cum
667 891 797 948 singuli
816 889 1054 939 recusassent,
1085 905 1133 932 eo
1151 890 1256 945 quod
1275 890 1417 932 videre-

142 972 204 1000 tui·
223 958 465 1013 impoffibile3
494 959 569 1014 ipse
588 959 727 1017 fingula
741 960 863 1013 jacula
881 965 1023 1002 exemit
1043 993 1052 1008 ,
1082 972 1197 1014 atque
1228 963 1280 1000 ita
1307 958 1415 1000 facile

139 1027 324 1084 confregit
341 1033 478 1070 omnia.
517 1031 611 1084 Qio
630 1029 730 1071 facto
750 1030 848 1071 filios
865 1030 1095 1079 admonen83
1124 1029 1169 1070 Si
1186 1029 1414 1078 concordes,

139 1101 291 1151 inquit,
321 1098 458 1145 eritis,
489 1099 618 1139 validi
635 1100 852 1156 invic‘i‘ique
869 1099 1076 1140 manebitis
1086 1112 1104 1144 ;
1132 1097 1415 1151 contrafidiffl.

134 1166 220 1206 'diis
241 1165 282 1209 {5
291 1166 482 1219 st’ditione
499 1165 788 1221 distrahemini,
817 1167 988 1209 imbelles
997 1168 1134 1215 eritis,
1165 1167 1206 1211 &5
1224 1178 1416 1225 expugna-

140 1245 186 1277 tu
197 1235 354 1290 faciles.

195 1310 246 1347 Et
262 1306 347 1347 sane
365 1306 470 1360 quod
481 1306 588 1348 urbes
599 1308 637 1348 &
648 1308 738 1348 olim
752 1342 761 1356 ,
774 1308 810 1348 &
822 1308 895 1348 lioc
906 1309 1032 1349 nostro
1044 1309 1066 1348 s
1060 1309 1174 1349 aeculo
1187 1308 1285 1349 hosti
1303 1308 1416 1352 cesse-

135 1389 198 1424 re,
227 1375 383 1417 ducibus
401 1381 439 1417 in
458 1375 600 1419 diversa
621 1378 759 1426 studia,
792 1379 828 1420 8t
855 1378 1005 1420 consilia
1030 1377 1234 1427 distractis,
1265 1393 1332 1421 aut
1351 1395 1414 1422 na-

134 1447 436 1488 tionuminterse
454 1448 708 1496 aemulatione,
740 1449 898 1496 invidia,
931 1445 1180 1491 dissensione?
1210 1464 1303 1504 quas
1315 1456 1411 1493 inter

133 1517 162 1560 fi
181 1523 306 1559 unitas
323 1519 360 1558 ὃ(
379 1519 577 1560 concordia
595 1517 740 1567 fuisset,
775 1519 922 1561 hostem
942 1525 979 1561 in
999 1535 1154 1575 campo,
1186 1534 1252 1561 aut
1273 1522 1352 1576 ipso
1372 1528 1409 1563 in

128 1587 249 1634 vallo,
280 1585 328 1627 ad
347 1589 639 1628 internecionem
666 1585 903 1635 delevissent,
935 1588 1168 1629 obsidionem
1197 1587 1405 1636 solvissent,

128 1657 238 1698 urbes
259 1655 457 1698 servassent
478 1692 487 1706 ,
527 1672 642 1713 atque
668 1663 814 1713 optima
836 1657 954 1713 spolia
973 1658 1227 1714 reportassent.
1285 1661 1407 1713 Quod

128 1726 270 1768 fastum
288 1727 448 1784 legimus
465 1733 503 1770 in
522 1728 713 1770 obsidione
731 1727 909 1769 Betliuliae
922 1761 931 1775 ‚
961 1729 1007 1769 ab
1025 1728 1213 1771 immensis
1234 1729 1404 1788 Assyrio-

130 1812 214 1838 rum
234 1797 359 1838 castris
371 1832 380 1846 ‚
410 1814 509 1854 quos
529 1805 630 1842 cives
644 1834 652 1847 ,
685 1799 796 1856 quast
807 1800 878 1840 vir
895 1813 995 1839 unus
1013 1800 1247 1856 egredientes
1262 1835 1271 1849 ‚
1299 1801 1406 1858 fuga-

129 1879 236 1914 runt,
259 1865 464 1925 fuderunt,
496 1870 706 1911 mactarunt
725 1903 734 1917 ,
775 1885 818 1910 ac
844 1869 1056 1925 ingentibus
1085 1870 1212 1925 spoliis
1239 1870 1401 1931 divites,

127 1936 309 1984 victores,
341 1951 383 1978 ac
394 1940 689 1996 triumphatores
709 1945 746 1981 in
757 1941 886 1982 urbem
896 1939 1027 1982 reversi
1037 1940 1131 1982 sunt.
1166 1940 1275 1996 Quid
1285 1946 1401 1989 enim,

131 2007 302 2057 obsecro,
333 2020 456 2052 tantas
475 2014 570 2053 vires
589 2010 735 2054 addidit
762 2011 977 2054 hominibus
998 2025 1117 2068 prope
1142 2012 1279 2056 victis?
1309 2015 1401 2052 Pro·

755 2084 773 2122 1
806 2097 830 2121 2
1298 2080 1401 2122 festo
