1855 2589
452 130 1076 179 SELECTIORA.
1358 141 1409 188 ⁶3

348 311 445 344 ‚a
634 249 913 319 ΧΧΧΙῙ.

325 415 719 458 FORTITUDO
756 417 945 458 LUCIS
984 418 1232 461 INDIGA.

275 554 357 597 Nil
371 553 677 615 tibistrerttritas
694 555 907 596 temeraria
925 570 1099 612 coecaqne
1107 553 1230 610 prefit
1241 572 1257 595 :

332 625 421 669 υἱὲ
438 639 521 681 quae
539 624 681 677 confilii
697 624 840 666 lumine
860 625 971 667 clara
989 625 1112 667 videt.

144 726 292 831 VIS
310 776 451 818 consilii
466 791 598 834 expers
614 776 690 833 ipsa
703 776 785 825 -fibi,
793 783 927 835 gravis.
984 781 1087 820 Hinc
1106 777 1196 820 illud
1216 777 1352 820 Flacci:

530 897 549 905 -
605 874 696 916 Non
708 875 806 928 solis
823 876 982 917 viribus
999 889 1147 932 aequum

273 943 441 986 Credere
450 958 467 991 ;
485 946 588 1000 ssepe
601 945 688 985 acri
694 945 828 998 potior
839 944 1053 1000 prudentia
1069 944 1225 986 dextra.

134 1048 334 1093 Fortitudo
362 1063 526 1104 namque
553 1048 772 1090 destruitur,
802 1048 868 1090 nifi
898 1063 965 1105 per
993 1048 1188 1089 confilium
1217 1047 1410 1091 fulciatur:

133 1124 223 1176 quia
242 1134 318 1176 quo
337 1119 423 1175 plus
441 1120 476 1160 se
495 1118 600 1175 posse
617 1119 819 1175 conspicit,
852 1134 899 1160 eo
920 1124 1039 1162 virtus
1058 1118 1134 1161 fine
1156 1119 1413 1161 moderamine

134 1192 292 1230 rationis
334 1186 499 1228 deterius
538 1191 576 1228 in
603 1200 763 1243 praeceps
805 1192 890 1229 ruit.
947 1187 1054 1241 Qid
1082 1187 1110 1228 fi
1148 1188 1209 1229 vel
1247 1189 1418 1244 Cyclops

133 1258 355 1300 exoculatus
382 1270 517 1297 manus
546 1272 701 1312 quoque
729 1257 874 1299 versum
895 1256 1093 1313 porrigat?
1123 1257 1214 1313 quid
1233 1258 1260 1299 fi
1277 1258 1419 1301 viribus

133 1327 269 1369 stolide
287 1326 394 1368 ferox
412 1332 540 1368 omnia
559 1340 680 1368 tentet
700 1327 834 1383 absque
846 1327 992 1378 judicio
1016 1328 1035 1370 ’.ἱ
1065 1328 1270 1383 Strepitum
1296 1329 1336 1370 hi
1354 1345 1417 1372 ex·

132 1403 270 1446 citant,
302 1397 394 1439 nihil
411 1396 576 1440 efficiunt
599 1431 609 1446 ‚
638 1412 908 1454 nonnunquam
933 1399 971 1439 ἃ
1003 1411 1175 1454 pereunt.
1234 1398 1348 1441 Unde
1375 1401 1413 1442 ὃ(

134 1468 344 1519 Juvenalis:

529 1600 544 1608 ·
600 1578 765 1620 Viribus
782 1579 851 1619 ille

269 1647 439 1702 Confifits
447 1649 576 1703 periit
592 1648 904 1706 admirandisque
922 1649 1097 1694 lacertis.

133 1789 268 1842 Neque
285 1790 385 1827 enim
403 1799 560 1842 corpora
579 1787 798 1838 vastiffima‚
830 1803 950 1845 neque
960 1793 1144 1830 exercitus
1161 1789 1405 1833 numerofiffia

133 1870 219 1899 mus
238 1860 435 1913 quicquam
452 1858 597 1907 valent,
619 1859 685 1901 nis1
695 1859 850 1902 confilio
870 1873 1063 1918 regantur:
1095 1872 1202 1901 tanto
1220 1866 1339 1918 magis
1359 1861 1406 1903 fi.

132 1923 172 1964 bi
190 1927 228 1964 in
246 1925 466 1978 perniciem,
497 1938 638 1981 quanto
657 1932 777 1984 magis
795 1927 859 1969 sua
884 1929 986 1969 mole
1003 1939 1230 1983 premantur.
1287 1930 1407 1969 Caere·

131 2007 218 2036 rum
235 2008 463 2053 quaecunque
482 1996 636 2041 tandem
662 1998 806 2057 spef'ces
818 2033 829 2049 ‚
848 1998 941 2041 nihil
961 2003 1001 2043 in
1019 1999 1088 2042 hac
1113 2004 1192 2043 vita
1209 1999 1406 2042 consistere

1281 2069 1408 2128 potest
