1855 2589
449 137 1066 182 SELECTIORA.
1345 149 1392 189 33

694 290 734 329 X
762 289 802 329 V
830 291 904 329 11.

162 401 453 443 TRANSIT
494 400 840 441 MOMENTO
877 397 1081 438 GLORIA
1120 395 1352 437 MUNDL

251 537 448 593 Decerptt'
465 537 584 591 floris
604 536 733 590 fhbito
751 535 959 590 stcccusqne
987 534 1158 590 colorque

308 605 369 648 Et
387 605 492 647 modo
519 619 602 661 'quae
620 605 790 658 fuerat,
813 605 955 662 gratia
972 613 1055 646 tota
1065 603 1189 660 fugit.

117 732 363 840 MUndi
381 731 498 789 gloria
523 732 562 772 &
588 731 796 787 quicquid
786 747 823 773 ιη
852 743 900 773 eo
926 730 1071 773 donum
1099 728 1229 775 breve,
1261 726 1299 767 &
1330 737 1389 768 res

287 800 400 856 fugax
423 796 488 842 est.
545 798 772 849 emundas,
804 803 927 855 inquit
962 803 1145 850 Joannes,
1178 796 1319 846 transit
1346 796 1510 850 &epm
1497 814 1553 850 ap,

116 873 415 928 concupiscentia
443 872 537 926 ejus.
595 871 727 912 Ludos
762 871 851 912 facit
886 870 1036 913 fortuna
1064 871 1100 911 &
1122 869 1251 910 subito
1278 855 1412 909 nobis¹
1415 856 1454 880 ¹²²¹
1435 850 1498 890 s·
1503 860 1547 885 ¹⁷

114 943 333 988 mortalibus
352 941 536 989 honores,
553 941 723 989 divitias.
755 946 933 998 gratiam,
945 954 1058 995 atque
1076 940 1236 981 formam
1248 944 1387 994 eripit.

114 1028 279 1071 quorum
297 1013 367 1053 alia
389 1017 484 1053 inter
494 1026 627 1053 manus
647 1013 904 1067 diripientium
931 1009 1031 1052 scissa
1054 1011 1157 1053 sunt:
1185 1011 1255 1051 alia
1274 1010 1389 1052 infida

114 1086 292 1128 societate
311 1082 446 1124 divisa:
474 1082 546 1123 alia
567 1097 705 1139 magno
723 1082 951 1123 detrimento
970 1095 1100 1122 eorum
1113 1114 1122 1128 ‚
1154 1085 1191 1122 in
1210 1095 1308 1135 quos
1325 1081 1389 1122 de-

116 1166 315 1202 venerant,
344 1152 579 1209 deprehensa.
638 1154 740 1194 Hinc
767 1152 860 1194 illud
886 1151 1106 1208 Augustini:
1138 1152 1174 1191 O
1193 1160 1389 1193 amatores
1401 1179 1493 1207 [nm.

117 1226 275 1273 mundi,
301 1226 412 1280 ctgjus
427 1225 486 1265 rei
497 1224 637 1280 gratia
654 1224 864 1264 militatis:
892 1236 1018 1277 masor
1036 1222 1136 1263 enim
1154 1235 1227 1261 non
1236 1223 1388 1276 poterit
1398 1217 1501 1255 0⁰⁷¹s‘ffi

116 1293 186 1347 effe
202 1296 295 1348 spes
331 1291 461 1344 vestra
478 1324 487 1337 ‚
520 1303 633 1346 quam
663 1300 708 1331 ut
735 1291 853 1332 amici
875 1290 1012 1331 'mundi
1029 1289 1136 1342 fitis*²
1196 1286 1257 1329 Et
1294 1290 1393 1345 quid

114 1362 234 1415 quaeso
260 1358 316 1398 ibi
340 1356 421 1408 nist
429 1357 597 1412 fragile,
624 1357 784 1412 plenum
801 1358 1015 1412 periculis,
1046 1354 1185 1411 quibus
1222 1355 1263 1398 &³
1288 1367 1387 1411 per.

111 1427 274 1467 venitur
301 1425 356 1466 ad
379 1425 508 1480 majus
537 1426 791 1481 periculum?
827 1427 1006 1467 Pereant
1039 1425 1117 1465 haec
1144 1425 1270 1464 omnia
1287 1456 1303 1473 ,
1342 1426 1384 1470 ὅ

111 1495 355 1537 dimittamus
382 1496 461 1538 haec
488 1511 596 1538 vana
626 1496 666 1539 [43
695 1497 830 1536 inania
839 1510 857 1541 ,·
885 1497 1127 1548 conferamus
1156 1508 1224 1534 nos
1252 1494 1308 1535 ad
1322 1497 1385 1548 fo-

110 1569 188 1608 lam
216 1566 490 1623 inqug‘fttionem
518 1580 645 1607 eorum
665 1598 674 1612 ‚
715 1581 797 1623 quae
823 1564 945 1620 finem
985 1578 1055 1606 non
1084 1564 1223 1605 habent
1241 1581 1254 1604 .·
1293 1565 1385 1605 vita

110 1639 188 1679 haec
205 1639 346 1691 misera
375 1637 449 1692 est,
479 1652 582 1679 mors
602 1637 731 1690 fitbito
749 1637 916 1693 obrepit,
946 1637 986 1681 ὦ
994 1635 1078 1691 post
1097 1635 1173 1676 haec
1193 1635 1382 1691 neglzgen-

110 1708 301 1763 tiaepoena
313 1708 503 1763 fhpplicio
520 1707 658 1748 luenda
677 1707 736 1760 cst.
795 1708 944 1748 Etenim
965 1705 1055 1746 nihil
1075 1708 1112 1745 in
1143 1704 1216 1746 hoc
1236 1704 1381 1746 mundo

111 1778 258 1826 stabile,
289 1778 380 1820 nihil
396 1778 569 1826 firmum,
599 1777 661 1819 sed
682 1781 809 1818 omnia
837 1774 941 1832 quas1
970 1781 1080 1818 unius
1108 1776 1229 1816 noetis
1251 1775 1378 1832 fungi¹>

109 1852 167 1889 uti
186 1847 307 1888 subito
335 1846 430 1888 fiunt
448 1879 465 1895 ,
495 1852 547 1888 ita
575 1861 730 1902 quoque
758 1845 879 1887 subito
907 1857 1074 1902 pereunt.
1132 1844 1238 1885 Nihil
1265 1849 1303 1885 in
1331 1858 1379 1886 eo

110 1915 216 1971 qaod
233 1916 292 1959 vel
318 1915 479 1958 fruf'tum
505 1916 648 1959 adferat
675 1917 854 1958 laboranti
877 1951 886 1965 ,
924 1917 984 1958 vel
1007 1914 1267 1956 fulcimentum
1288 1919 1381 1955 inni-

45 2032 53 2042 ι
107 1990 214 2028 tenti.
270 1986 403 2028 Gloria
421 1990 501 2039 ejus
527 2002 641 2042 quam
668 1986 800 2036 fallax,
830 2002 946 2043 quam
971 1987 1113 2035 brevis,
1143 2000 1258 2041 quam
1287 1986 1378 2041 saepe

739 2059 773 2096 Ε
1261 2059 1376 2097 etiam
