1855 2589
497 136 1129 184 SELECTIORA
1398 153 1454 195 ῃ

697 293 738 332 Χ
765 293 805 332 Χ
833 293 850 331 Ῑ
878 290 931 334 V,

208 401 476 443 RELIGIO
514 400 804 440 PUBLICAE
841 398 1059 441 SALUTis
1101 398 1420 441 PRAESIDIUM.

289 541 398 582 Gens
418 541 549 594 felix,
567 539 700 595 justos
729 539 816 580 coelo
845 552 926 595 quae
952 538 1072 589 solvit
1101 539 1281 587 honores,

347 609 515 652 Nititur
544 611 610 651 hoc
630 611 765 662 fulcro
784 610 946 665 publica
976 617 1065 648 tuta
1085 610 1211 661 jsszlns.

302 729 460 773 Uaeritur
489 729 583 766 inter
602 725 799 780 politicos,
829 738 876 764 an
899 723 1024 778 aliqua
1041 722 1175 764 debeat
1197 726 1234 762 in
1261 722 1464 777 Republica

329 791 400 833 esse
423 793 599 849 Religio?
628 793 689 833 seu
719 806 766 831 an
796 791 943 846 Religio
970 794 1006 832 ὃ(
1036 791 1159 832 cultus
1181 794 1252 831 Dei
1276 803 1387 832 tanrae
1418 791 1464 832 sit

182 864 426 911 necessitatis,
448 876 491 903 ut
502 864 638 918 absque
655 878 696 904 ea
708 863 864 903 societas
884 863 1036 919 politica
1058 862 1253 903 consistere
1274 863 1466 916 nequeat?

184 938 414 977 Communis
439 938 611 974 omnium
630 934 861 989 populorum
883 934 1078 974 consensus
1109 938 1145 973 in
1173 931 1463 975 affirmationem

183 1005 428 1060 conspiravit,
460 1007 511 1043 ita
531 1003 684 1056 quidem
713 1016 757 1045 ut
780 1003 878 1043 nulla
902 1015 980 1043 tam
1008 1003 1156 1043 barbara
1178 1007 1280 1042 natio
1301 1009 1461 1058 reperia-

183 1087 264 1122 tur,
296 1087 378 1128 quae
400 1088 475 1113 non
486 1077 611 1113 Deum
631 1075 795 1128 aliquem
822 1089 864 1115 ac
883 1074 1120 1130 Religionem
1140 1073 1327 1128 agnoscat.
1388 1074 1460 1114 Sed

183 1146 320 1197 reperti
341 1154 466 1181 tamen
484 1140 635 1182 fuerunt
654 1143 769 1183 Atliei
786 1176 794 1189 ‚
823 1148 887 1196 qui
908 1157 1061 1182 omnem
1083 1142 1177 1181 hanc
1196 1141 1242 1181 de
1263 1142 1460 1197 Religione

185 1214 380 1250 materiam
402 1222 548 1250 tantum
569 1225 638 1266 pro
658 1225 877 1252 commento
900 1211 1067 1252 humano
1086 1211 1296 1251 habuerunt
1317 1217 1354 1251 in
1373 1226 1462 1253 eum

185 1279 299 1320 finem
317 1294 338 1319 a
357 1279 657 1334 prudentioribus
679 1287 895 1338 excogitato
924 1316 933 1330 ‚
964 1295 1008 1322 ut
1027 1282 1158 1322 rudem
1180 1282 1464 1324 multitudinem

186 1362 292 1390 metu
314 1354 477 1390 numinis
496 1351 533 1390 8(
546 1365 740 1406 poenarum
761 1352 994 1392 infernalium
1016 1357 1052 1392 in
1073 1351 1198 1392 officio
1218 1358 1464 1395 continerent·

188 1420 318 1471 Quam
348 1425 532 1475 imprimis
562 1422 782 1463 sententiam
804 1436 1020 1479 propugnat
1040 1427 1257 1471 Lucretius,
1291 1426 1327 1465 8<
1349 1424 1462 1466 hodie

188 1504 321 1531 omnes
342 1492 391 1531 illi
413 1491 617 1541 scetantur,
649 1507 747 1547 quos
767 1493 1082 1534 Machiavellistas
1101 1508 1249 1536 vocant.

245 1562 335 1600 Haec
353 1561 553 1615 periculosa
575 1567 704 1617 opinio
726 1567 908 1617 imprimis
928 1577 974 1603 ex
992 1568 1118 1604 animo
1131 1565 1327 1606 hominum
1347 1573 1463 1609 extir-

188 1630 310 1686 panda
327 1651 334 1672 :
365 1645 407 1671 ea
426 1636 525 1672 enim
546 1632 657 1673 semel
677 1632 830 1674 admissa
849 1639 945 1689 petit
964 1640 1089 1675 omnis
1109 1636 1265 1676 societas
1287 1636 1462 1687 humana,

189 1717 232 1742 ac
261 1701 454 1743 horrendis
484 1702 677 1744 sceleribus
699 1707 814 1755 janua
841 1710 1016 1761 aperitur.
1078 1708 1323 1762 (Quapropter
1351 1714 1465 1751 etiam

191 1772 339 1814 Ethnici
359 1772 507 1814 Atheos
528 1774 575 1814 ad
594 1775 737 1815 nullum
750 1777 1126 1832 Reipublicaemunus
1144 1778 1406 1820 admittebant.

250 1844 455 1884 Neceffitas
473 1856 601 1885 autem
630 1844 837 1900 Religionis
865 1851 916 1886 ita
943 1846 1237 1890 demonstratur:
1269 1849 1345 1888 Ubi
1365 1850 1464 1890 nulla.

192 1915 342 1971 Religio
355 1949 363 1962 ‚
397 1915 443 1955 ibi
463 1916 560 1955 nulla
580 1914 695 1957 fides:
726 1917 788 1956 ubi
807 1917 906 1958 nulla
925 1918 1018 1958 fides
1031 1951 1048 1967 ,
1079 1919 1127 1959 ibi
1149 1920 1245 1960 nulla
1266 1919 1405 1960 foedera
1425 1921 1461 1960 ὃς

193 1983 322 2038 Ραᾶειε
353 1983 416 2024 ubi
437 1983 536 2025 nulla
555 1984 694 2026 foedera
712 1986 749 2025 ἃ
768 1986 874 2041 pasta
887 2019 895 2033 ‚
927 1986 976 2026 ibi
996 1986 1093 2028 nulla
1114 1987 1340 2042 Respublica.
1371 1989 1464 2026 Pro-

1334 2056 1461 2103 batur,
