1855 2589
480 146 1102 193 SELECTI'ORA:
1386 165 1441 204 ,ς

679 296 720 336 X
748 295 788 335 V
816 297 833 334 1
860 296 877 334 1
906 296 935 334 1.

230 404 422 448 OMNE
463 404 722 444 NIMIUM
761 403 1144 444 VERTlTUR·1N
1171 403 1390 445 VITIUM.

309 542 383 585 Cui
401 538 711 596 tempestivusfit
729 538 899 580 ‘Phoebus
916 541 1106 595 prospera
1125 542 1264 594 cresc'it

364 611 547 658 wirham
577 618 621 649 at
638 607 851 650 immodicis
869 607 1017 661 cestibus
1032 606 1113 660 usta
1129 609 1255 663 perit,

186 751 188 753 >
275 730 326 766 Es
345 734 474 764 natura
494 721 558 761 sua
574 724 766 776 optimas,
795 719 862 761 nisi
890 719 1028 760 modus
1055 719 1168 768 adsit,
1202 721 1318 762 malas
1344 722 1444 770 fieti,

174 733 274 835 R
303 809 378 836 non
408 792 527 833 iolum
565 794 684 837 ratio,
715 789 778 830 sed
807 790 844 830 &
872 789 960 831 usus
989 790 1133 832 docet:
1174 790 1446 844 Perniciofiffl.

176 881 279 908 mum
307 865 348 904 in
385 861 484 902 omni
511 859 663 915 quidem
690 858 781 898 vita
799 890 810 905 ‚
850 862 902 898 ait
931 858 1072 899 Plinius
1090 885 1100 899 ,
1141 859 1241 915 quod
1275 861 1443 901 nimium.
1461 875 1569 904 ,uam

178 938 280 978 Nam
304 946 347 974 ut
366 930 538 972 modicus
554 931 654 969 calor
670 928 821 968 arbores
834 927 966 986 fovet,
997 932 1136 969 nimius
1164 942 1292 969 autem
1322 928 1446 971 fervor

174 1003 322 1046 easdem
351 1013 480 1042 enecat
499 1032 508 1047 ‚
548 1003 601 1039 ita
637 1011 793 1052 quoque
832 997 1005 1038 modicus
1034 1011 1157 1038 rerum
1185 998 1274 1038 usus
1301 1004 1450 1042 animos

176 1071 391 1116 conservat,
421 1071 558 1109 nimius
586 1069 802 1121 corrumpit.
860 1067 962 1105 Hinc
988 1065 1080 1106 illud
1107 1068 1301 1107 Ciceronis
1324 1072 1448 1122 primo

177 1140 226 1183 de
244 1137 411 1180 Officiis:
442 1133 730 1176 &mediocritas
748 1133 804 1173 ad
827 1147 969 1174 omnem
996 1136 1122 1187 ufhm,
1154 1135 1372 1191 cultumque
1388 1137 1451 1176 vi-

179 1217 229 1248 tae
258 1203 462 1257 referenda
490 1201 562 1254 est:
591 1202 640 1242 In
668 1201 840 1243 omnibus
868 1201 985 1242 rebus
1011 1202 1265 1244 mediocritas
1282 1202 1332 1256 est
1350 1204 1452 1258 opti-

177 1290 252 1317 ma.
309 1278 359 1314 Et
378 1277 416 1313 in
445 1276 614 1313 oratione
632 1270 680 1311 ad
697 1273 876 1313 Brutum:
905 1270 1028 1313 Nihil
1041 1272 1211 1326 reperiri
1228 1271 1351 1326 potest
1368 1282 1452 1313 tam

176 1345 388 1390 eximium,
418 1349 489 1383 aut
507 1350 588 1382 tam
606 1340 884 1396 expetendum,
911 1354 1027 1397 quam
1049 1341 1309 1383 mediocritas.
1347 1340 1452 1382 Pho.

176 1413 323 1471 *cylides
341 1423 497 1467 quoque
514 1409 630 1450 dixit:

487 1506 630 1546 Πάντων
653 1505 770 1559 μέτρον
791 1503 915 1558 ἔρις-ον.

373 1575 548 1621 modus
577 1578 619 1618 in
647 1590 692 1617 re
721 1577 894 1632 qualibet
922 1576 1096 1632 optimus„

182 1681 233 1719 Et
251 1675 422 1733 Alpheus
441 1679 479 1716 in
498 1677 798 1731 Epigrammate:

444 1771 489 1812 'rb
518 1764 624 1824 μηὸὶν
642 1768 720 1823 γοῖρ
742 1766 843 1819 οἴγειν
854 1765 900 1822 μὶ
919 1770 1012 1824 τέρεε.

318 1844 429 1891 Hoc,
458 1842 602 1900 nequid
627 1842 812 1889 nimium,
841 1842 959 1882 nimis
988 1840 1083 1881 mihi
1101 1840 1246 1895 placet.

241 1945 391 1984 Etenim
411 1939 502 1981 nihil
521 1939 575 1980 est
592 1953 714 1981 retum
733 1942 904 1979 omnium
916 1971 925 1986 ,
957 1942 995 1978 in
1013 1952 1091 1992 quo
1104 1951 1179 1978 non
1189 1939 1330 1993 peccari
1341 1948 1456 1990 queat

185 2017 399 2064 nimietate,
429 2023 562 2069 praetet
579 2024 747 2053 amorem
766 2011 860 2057 Dei,
892 2008 998 2063 quod
1015 2008 1097 2051 aliis
1123 2007 1244 2051 vetbis
1263 2008 1401 2049 fatetur
1415 2007 1457 2047 &

892 2075 926 2113 E
956 2088 979 2114 2
1372 2074 1457 2114 Ari-
