1855 2589
362 104 424 140 -62
702 91 1318 136 EMBLEMATA

373 207 448 234 non
467 203 622 248 propter
640 201 785 230 metum
805 189 1001 245 paret:sed
1011 203 1073 231 eas
1082 190 1369 246 sequituratque
1378 188 1470 230 colit
1483 194 1588 244 ;quia
1607 190 1645 231 id

371 265 526 306 salutare
547 265 709 302 maxime
730 258 802 302 effe
811 261 978 313 judicat:
1006 266 1074 317 qui
1093 261 1186 302 nihil
1204 261 1315 308 dicit,
1348 259 1438 300 nihil
1456 259 1564 308 facit,
1596 265 1649 301 ni-

372 334 425 375 hil
443 337 586 388 cogitat
600 332 783 386 denique‚
805 332 870 374 nifi
888 333 1045 374 libenter
1062 347 1106 374 ac
1123 332 1256 374 libere:
1285 334 1392 383 qu'us
1411 335 1539 372 omnia
1557 346 1648 372 con-

372 403 470 451 filia,
502 403 632 456 resque
651 416 804 451 omnes,
836 416 930 457 quas
949 408 1045 459 gerit
1063 436 1072 451 ,
1100 402 1404 458 proficiscuntur,
1435 401 1648 457 eodemque

373 472 600 512 referuntur:
632 484 698 511 nec
719 470 774 511 est
801 471 876 512 ulla
895 485 953 512 res
973 504 983 519 ‚
1014 484 1097 526 quae
1125 471 1211 526 plus
1240 468 1341 525 apud
1369 483 1456 510 eum
1485 469 1643 525 polleat:

375 558 489 598 quam
509 540 622 597 ipfius
642 540 816 582 voluntas
825 554 940 596 atque
953 541 1148 594 judicium.
1178 543 1254 583 Cui
1272 540 1428 597 quidem
1438 544 1554 582 etiam
1573 540 1648 583 for-

212 607 268 675 ff·
281 610 314 673 If·
374 624 465 654 tuna
483 612 559 668 ipsa
578 610 686 653 cedit.
745 612 992 667 Qapropter
1010 611 1264 653 &Horatiusz

459 709 649 767 Quisnam
668 709 789 764 igitur
809 708 937 750 liber?
966 708 1149 764 Sapiens,
1170 709 1319 765 fibique
1335 708 1571 764 imperiosus.

461 778 586 836 Qem
616 793 734 834 neque
753 781 964 835 pauperies
982 811 999 828 ,
1028 792 1151 836 neque
1178 793 1283 820 mors
1303 811 1313 826 ,
1347 793 1464 835 neque
1490 781 1651 823 vincula

598 858 754 891 terrent

463 920 700 976 Responstzre
718 921 980 978 cupidinibus,
1009 930 1246 963 contemnere
1263 920 1423 963 honores

464 991 630 1040 Fortis,
659 991 701 1035 δέ
719 993 761 1032 in
771 994 819 1046 se
837 993 914 1049 ipso
933 1000 1040 1034 totus
1056 1001 1162 1033 teres
1180 1000 1295 1047 atque
1313 992 1520 1040 rotundus,

462 1060 642 1102 Externi
657 1061 801 1117 nequid
825 1062 961 1103 valeat
978 1071 1057 1117 per
1085 1061 1172 1102 leve
1199 1062 1366 1109 morari,

464 1132 514 1173 In
543 1145 653 1189 quem
680 1145 816 1172 manca
843 1132 928 1172 ruit
946 1134 1100 1187 fi’mper
1117 1132 1296 1184 fortuna.

223 1262 340 1297 hym,
383 1242 521 1297 Neque
537 1257 628 1285 vero
655 1242 911 1284 omittendum
938 1241 1030 1283 illud
1056 1243 1274 1300 Augustini:
1304 1243 1379 1284 Vis
1404 1251 1448 1285 ut
1466 1246 1654 1296 caroser-

382 1312 475 1351 viat
493 1312 629 1352 animae
646 1322 746 1354 tuae:
774 1312 865 1354 Deo
874 1313 1038 1366 serviat
1055 1313 1184 1354 anima
1204 1322 1272 1366 ina
1293 1329 1306 1353 .·
1344 1303 1457 1355 debe}
1474 1315 1578 1370 regi,
1609 1323 1652 1355 ut

372 1380 490 1439 paffls
508 1395 651 1438 regere.

1335 1879 1504 1921 XXXII.
1534 1875 1657 1920 FOR-
