1855 2589
428 130 480 175 50
758 114 800 156 E
829 114 884 155 M
909 109 949 155 B
978 108 1017 155 L
1044 112 1086 156 E
1114 110 1168 156 M
1194 113 1241 155 A
1264 113 1305 157 T
1325 113 1372 156 A

427 224 507 258 tes,
538 225 624 250 cum
644 214 879 264 potentiores
896 214 1349 268 quaevisimpuneagunt‚
1380 208 1423 250 fit
1442 207 1557 265 saepe,
1585 211 1702 251 utali-

430 286 514 335 quis
543 279 781 334 semetipsum
809 295 852 320 ac
872 273 935 321 sua
953 281 1166 321 conservare
1194 295 1273 321 non
1301 279 1440 335 poffit,
1470 278 1536 320 nisl
1566 281 1706 322 viribils

427 361 557 389 contra
576 347 781 387 invasorem
801 348 887 389 satis
907 349 1159 392 fitinstruehis
1173 361 1305 404 ‚atque
1325 360 1544 404 propterea,
1558 349 1706 391 tametsi

429 422 579 474 optimo
600 421 684 468 jure
712 422 851 458 nitatur
869 452 877 465 ‚
913 423 978 470 jus
1007 418 1097 459 illud
1126 418 1234 458 suum
1263 424 1368 458 omni
1397 431 1520 459 careat
1548 417 1705 467 effeetu,

429 488 457 530 s1
488 488 625 530 viribus
655 487 877 529 destitutum
907 487 966 529 fit.
1027 487 1100 527 Ubi
1139 500 1267 528 autem
1296 492 1394 529 vires
1422 488 1579 542 aequales
1611 488 1703 537 smt,

431 561 611 611 quoniam
635 569 772 611 potens
794 570 899 611 aequc
930 568 1128 612 potentem
1159 568 1246 596 tuto
1276 555 1426 612 aggredi
1455 571 1531 597 non
1559 557 1705 611 potest,

431 626 481 666 ibi
499 638 565 665 aut
584 625 682 666 nulla
704 629 854 676 injuria,
887 638 953 665 aut
972 623 998 665 s1
1017 623 1169 664 subinde
1189 629 1350 672 oriatur,
1382 623 1488 664 facile
1508 625 1710 679 repellitur,

432 692 630 733 Verisfime
653 697 764 747 igitur
781 693 939 740 dixeris,
970 691 1208 733 concordiam
1229 697 1375 747 optime
1394 692 1464 739 ali,
1483 706 1597 747 atque
1607 693 1710 747 quod

426 763 571 815 justum
591 762 645 802 est
664 768 844 811 exerceri,
878 763 903 804 fi
923 776 1046 818 partes
1068 768 1161 803 inter
1178 763 1214 803 se
1233 762 1303 803 sint
1323 764 1490 817 aequales.
1548 766 1708 818 anto

435 838 535 873 enirn
555 836 638 887 quis
661 837 874 887 potentior,
889 845 996 873 tanto
1016 832 1108 887 saepe
1128 833 1165 872 &
1183 836 1395 887 promptior
1413 833 1462 872 ad
1479 816 1727 881 laedendum:

435 901 538 958 quod
567 901 594 942 fi
623 901 706 949 fiat,

574 1035 879 1046 -----
938 1011 1050 1052 Cedz't
1079 1011 1236 1051 viribus
1265 1025 1438 1067 aequum,

572 1082 614 1121 V
610 1082 761 1138 ichzque
777 1083 948 1138 pugnaci
961 1082 1069 1136 jura
1089 1081 1162 1134 fitb
1191 1083 1274 1135 ense
1288 1082 1443 1136 jacent.

1409 1896 1556 1936 XXVI.
1587 1892 1708 1936 NON
