1855 2589
479 137 1106 185 SELECJ'T‘JORA
1380 139 1428 195 ς·

763 241 814 282 ν·
869 235 871 237 ,
1285 238 1287 240 ,
1421 239 1424 241 Α

300 310 525 351 LENTO
556 312 781 352 GRADU
820 311 979 351 1TUR
1019 310 1277 351 sEeURE.

261 393 416 445 Festina
434 395 546 436 lente.
578 395 650 436 Cui
660 405 839 450 praeceps
849 404 930 449 pro
929 393 1003 433 fuit
1023 408 1190 449 unquam

323 451 486 504 Curfics
480 452 498 485 ἲ
526 461 570 491 at
589 453 793 492 interitum
802 451 948 505 saepius
967 449 1034 489 ille
1052 450 1169 492 dedit

241 533 325 573 Rov
316 531 469 572 rerbium
491 530 575 577 hoc,
590 531 742 584 Festina
753 531 874 575 lente,
887 543 962 569 non
973 528 1207 569 invenustam
1219 532 1425 585 aenigmatis

238 598 398 653 speciem
416 613 488 653 prae
505 599 542 638 se
561 597 653 638 fert:
683 608 880 651 propterea
899 594 1004 649 quod
1024 594 1171 636 constat
1188 595 1308 636 verbis
1330 600 1425 638 inter

150 669 224 710 sese
246 667 509 725 pugnantibus.
536 669 627 707 Vim
639 679 766 707 autem
787 667 824 706 ἃ
843 666 1063 707 sententiam
1075 666 1101 707 fi
1115 666 1273 707 aestimes
1284 701 1293 714 ‚
1307 681 1423 722 quam

150 739 229 780 haec
246 753 322 779 tam
333 737 542 779 circumcisa
554 752 692 779 vocum
712 737 873 778 brevitas
895 742 932 777 in
941 737 976 777 se
987 736 1275 792 compleffitur,
1304 750 1421 790 quam

153 809 379 851 firfoecunda
393 843 402 856 ,
433 824 545 863 quam
557 813 678 865 gravis
692 842 700 855 ‚
731 822 846 862 quam
855 807 1022 848 salutaris
1034 841 1042 854 ‚
1076 822 1188 860 quam
1210 807 1257 847 ad
1268 822 1422 848 omnem

149 886 236 922 vitae
257 886 440 921 rationem
460 881 533 920 late
554 893 685 935 patens
706 913 713 925 ‚
746 877 915 932 profee'm
936 877 1040 918 facile
1059 876 1251 919 decefferis
1272 884 1308 918 in
1328 878 1425 919 hanc

148 952 387 997 sententiam,
420 963 462 990 ut
485 955 521 990 in
542 963 648 990 tanto
668 949 956 990 proverbiorum
969 963 1125 990 numero
1138 964 1214 989 non
1235 950 1421 992 arbitreris

151 1023 268 1063 ullum
280 1021 379 1062 aliud
391 1018 463 1061 effe
472 1020 624 1077 perinde
635 1019 791 1077 dignum
804 1054 812 1067 ‚
843 1019 949 1074 quod
961 1020 1136 1060 omnibus
1156 1017 1341 1062 incidatur
1356 1037 1400 1062 co
1409 1043 1421 1051 ·

149 1094 306 1133 lumnis:
336 1090 441 1145 quod
452 1105 520 1146 pro
532 1090 762 1145 templorum
775 1093 948 1130 omnium
958 1089 1099 1131 foribus
1112 1090 1352 1137 describatur.
1385 1092 1423 1132 8(

149 1161 302 1217 quidem
313 1166 432 1203 aureis
447 1166 568 1202 notis:
600 1160 702 1215 quod
716 1165 751 1200 in
770 1161 1030 1216 principalium
1041 1163 1208 1203 aularum
1221 1163 1337 1217 valtis
1359 1163 1424 1205 de-

149 1238 341 1288 pingatur:
373 1230 477 1286 quod
489 1231 1118 1291 primatiuminsculpaturannulis:
1150 1232 1252 1288 quod
1265 1238 1372 1289 regiis
1386 1237 1422 1273 in

148 1304 299 1358 sceptris
310 1307 541 1356 exprimatur
553 1328 561 1341 ‚
572 1301 733 1354 denique
744 1301 848 1353 quod
859 1302 1033 1342 omnibus
1045 1304 1183 1357 ubique
1195 1318 1420 1344 monumen-

146 1377 195 1414 tis
210 1371 506 1427 repraesentetur,
520 1383 768 1426 propagetur,
790 1370 1051 1411 &celebretur.
1084 1376 1234 1413 Etenim
1249 1408 1256 1419 ‚
1271 1378 1326 1413 uti
1339 1388 1420 1413 mo-

142 1441 285 1492 lajusto
296 1439 462 1481 velocius
481 1440 722 1486 circum-ach,
752 1438 859 1479 facile
878 1441 1049 1481 flammas
1067 1442 1250 1497 concipit}
1282 1448 1333 1484 ita
1353 1447 1420 1497 qui

145 1516 303 1552 nimium
315 1509 482 1556 festinat,
514 1524 668 1564 operam
681 1509 770 1564 saepe
789 1509 921 1564 perdit.
951 1516 1140 1566 Imprimis
1161 1517 1338 1569 principis
1360 1517 1419 1557 vel

140 1581 254 1621 semel
265 1584 538 1635 praecipitatum
558 1578 752 1620 confilium
767 1613 775 1626 ‚
807 1584 934 1621 Deum
955 1583 1227 1629 immortalem!
1257 1599 1417 1638 quantas

143 1651 387 1707 tempestates
406 1663 676 1702 nonnunquam
686 1652 843 1696 excitat,
866 1664 1024 1704 quantas
1035 1666 1156 1693 rerum
1168 1653 1415 1696 humanarum

143 1725 266 1761 ruinas
275 1720 397 1761 secum
409 1719 523 1761 trahit
535 1740 542 1760 ε
556 1733 641 1759 cum
653 1732 782 1759 contra
793 1725 988 1762 maturitas
1000 1721 1170 1776 quaedam
1180 1706 1223 1763 ae
1244 1722 1415 1764 modera-

141 1793 220 1835 tio,
251 1788 358 1829 fimul
376 1804 423 1830 ex
442 1788 632 1846 vigilantia
659 1788 941 1844 lenitudineque
969 1804 1196 1846 temperata,
1230 1806 1273 1832 ut
1291 1807 1413 1847 neque

143 1872 209 1913 per
220 1864 468 1900 temeritatem
479 1863 679 1914 quicquam
698 1858 808 1902 faciat
819 1862 1079 1916 poenitendum
1093 1896 1101 1909 ,
1135 1877 1256 1916 neque
1266 1877 1331 1918 per
1349 1863 1409 1903 so-

140 1928 306 1969 cordiam
325 1934 526 1984 quicquam
544 1944 760 1986 praeoerear,
791 1931 898 1985 quod
918 1932 965 1972 ad
986 1933 1142 1988 Reipub
1163 1933 1410 1974 commodum

143 2001 326 2052 pertinere
345 1997 536 2045 videatur,
565 1998 781 2041 felicitatem
799 1999 960 2048 adferat,
992 2000 1093 2041 haud
1112 2016 1259 2057 quaqua
1264 2018 1302 2043 m
1321 2001 1385 2056 1ps
1378 2015 1409 2041 s

788 2058 817 2095 B
1343 2063 1409 2097 im
