1855 2589
455 139 1083 188 SELECTIORA.
1353 158 1406 195 25

673 323 859 364 XIII.

189 443 542 486 FERTILIOR
583 445 785 486 I-MBRE
826 442 1116 486 RIGATUS
1155 444 1339 487 AGER.

269 580 430 621 Irrorat
449 589 585 622 terras
591 580 733 635 pluvio
761 580 850 621 dum
878 580 1044 636 Jupiter
1072 580 1222 628 imbre,

324 657 405 699 Nil
428 671 498 699 non
528 660 568 699 in
597 661 724 700 terris
743 661 968 714 fertilitate
996 661 1115 716 vtget.

255 805 421 844 Ocemur
440 803 560 845 isthoc
579 804 822 854 emblemate,
854 806 1069 851 hominem,
1101 817 1316 857 quanquam
1338 818 1403 860 per

281 871 317 911 se
337 875 486 926 ineptus
507 871 551 913 sit
568 872 615 912 ad
639 873 803 920 bonum,
836 885 983 920 tamen,
1015 886 1101 912 cum
1122 876 1291 926 irrigetur
1317 886 1401 912 rore

129 941 268 983 coelesti
289 974 298 987 ,
328 941 535 983 uberrimos
572 943 681 984 edere
711 942 866 983 fruetus.
926 945 1028 983 Hine
1065 941 1156 983 illud
1195 939 1400 996 Apostoli:

133 1012 275 1052 Omnia
297 1013 436 1066 poffitm
454 1021 533 1067 per
561 1026 644 1052 eum
665 1012 806 1067 quinte
827 1013 967 1067 gratia
985 1012 1203 1064 coufhrtat:
1232 1014 1302 1051 Per
1320 1026 1402 1067 gra-

130 1085 224 1122 tiam
242 1093 370 1122 autem
390 1081 631 1138 intelligimus
659 1085 783 1136 primo
811 1084 884 1122 Dei
912 1081 1078 1123 favorem
1108 1097 1150 1123 ac
1178 1081 1402 1122 benevolen-

131 1155 244 1197 tiam,
277 1164 324 1191 ex
351 1165 425 1204 qua
443 1149 638 1191 benefacit.
699 1151 789 1190 Non
808 1149 913 1204 quod
932 1149 1086 1192 affeffim
1105 1150 1240 1204 aliquis
1262 1154 1298 1189 in
1319 1152 1405 1189 Deo

130 1221 257 1262 locum
276 1219 430 1267 habeat,
460 1220 520 1262 vel
546 1217 700 1262 affeetus
725 1220 949 1277 analogum,
979 1221 1041 1262 sed
1070 1236 1116 1263 ex
1145 1216 1286 1262 effestis
1317 1223 1404 1261 Deo

132 1293 336 1344 improprie
362 1289 563 1332 tribuatur:
594 1305 671 1344 quo
689 1290 791 1330 sensu
809 1296 926 1346 gratia
944 1291 981 1330 &
1007 1290 1174 1330 debitum
1202 1305 1402 1346 opponun-

129 1370 202 1399 tur.
246 1356 409 1415 -Deinde
448 1356 626 1413 significat
654 1363 779 1413 gratiae
808 1357 984 1399 effeetum
1013 1362 1050 1398 in
1080 1359 1185 1398 nobis
1206 1391 1214 1405 ,
1255 1358 1400 1400 donum

126 1426 417 1483 Euangelicum‚
449 1428 647 1483 praesertim
675 1428 841 1470 salutare.
897 1432 1071 1483 Denique
1100 1433 1180 1479 ejus
1208 1427 1400 1468 abundan-

125 1501 218 1538 tiam
246 1496 463 1538 intensivam
505 1498 542 1537 &
572 1497 814 1539 extenfivam.
874 1502 1015 1539 Omnia
1051 1498 1250 1550 conjunc'ta
1286 1497 1400 1537 habet

126 1567 267 1607 Lucas:
298 1566 386 1607 Per
403 1567 558 1619 viſsera
586 1568 856 1619 mistricordiae
885 1567 972 1608 ‘Dei
1002 1567 1143 1620 nostri,
1173 1566 1312 1622 quibus
1330 1580 1397 1606 nos
1414 1584 1513 1618 capa.

122 1633 306 1681 vifftavit
335 1635 464 1674 oriens
492 1649 542 1675 ex
570 1635 661 1675 alto.
719 1637 811 1675 Vox
827 1648 955 1676 autem
972 1635 1118 1690 sumpta
1134 1634 1325 1676 latissime,
1355 1648 1398 1676 ut
1415 1619 1534 1657 wrm&

122 1709 254 1745 omnia
270 1704 586 1761 comprehendat,
617 1719 700 1761 quae
718 1705 911 1754 diximus,
941 1707 1059 1747 &Dei
1071 1719 1237 1746 amorem
1250 1705 1397 1748 &dona

127 1773 371 1829 Euangelica‚
401 1789 471 1830 pro
501 1779 645 1816 ratione
674 1775 957 1831 dispensationis
985 1775 1117 1817 divinae
1147 1776 1212 1816 sub
1232 1778 1280 1818 N.
1299 1791 1397 1818 nunc

125 1841 404 1893 Testamento‚
443 1859 558 1885 omne
595 1844 687 1886 illud
724 1846 986 1902 complestitur
1007 1880 1016 1895 ,
1056 1845 1162 1901 quod
1200 1846 1395 1888 hominem

123 1926 258 1970 aptum
282 1929 326 1955 ac
350 1914 528 1956 idoneum
546 1914 668 1957 reddit
686 1920 732 1957 iis
750 1916 999 1972 producendis
1027 1917 1226 1964 fluetibus,
1257 1917 1396 1972 quibus

125 1985 214 2026 Deo
243 1996 372 2042 gratus
391 1984 429 2026 &
445 1997 642 2042 acceptus,
673 1986 827 2028 tandem
853 1986 1054 2043 aliquando
1080 1986 1327 2042 consequatur
1356 1986 1394 2027 id

754 2058 793 2097 D
1256 2048 1390 2113 ipsum,
