<?xml version="1.0" encoding="UTF-8"?>
<!DOCTYPE html PUBLIC "-//W3C//DTD XHTML 1.0 Transitional//EN"
    "http://www.w3.org/TR/xhtml1/DTD/xhtml1-transitional.dtd">
<html xmlns="http://www.w3.org/1999/xhtml" xml:lang="en" lang="en">
 <head>
  <title>
</title>
<meta http-equiv="Content-Type" content="text/html;charset=utf-8" />
  <meta name='ocr-system' content='tesseract 3.04.00' />
  <meta name='ocr-capabilities' content='ocr_page ocr_carea ocr_par ocr_line ocrx_word'/>
</head>
<body>
  <div class='ocr_page' id='page_1' title='image "./emblemataselecti00plaa_0084.png"; bbox 0 0 1855 2589; ppageno 0'>
   <div class='ocr_carea' id='block_1_1' title="bbox 393 97 1331 255">
    <p class='ocr_par' dir='ltr' id='par_1_1' title="bbox 393 97 1331 255">
     <span class='ocr_line' id='line_1_1' title="bbox 393 97 1331 161; baseline -0.009 -11"><span class='ocrx_word' id='word_1_1' title='bbox 393 111 450 161; x_wconf 73' lang='lat'><em>76</em></span> <span class='ocrx_word' id='word_1_2' title='bbox 718 97 1331 154; x_wconf 51' lang='lat' dir='ltr'><em>EMBLRMA‘TA</em></span> 
     </span>
     <span class='ocr_line' id='line_1_2' title="bbox 393 199 825 255; baseline -0.005 -12"><span class='ocrx_word' id='word_1_3' title='bbox 393 205 445 243; x_wconf 88' lang='lat' dir='ltr'><em>Et</em></span> <span class='ocrx_word' id='word_1_4' title='bbox 463 202 599 243; x_wconf 84' lang='lat' dir='ltr'>Seneca</span> <span class='ocrx_word' id='word_1_5' title='bbox 619 199 825 255; x_wconf 81' lang='lat' dir='ltr'>Tragicus:</span> 
     </span>
    </p>
   </div>
   <div class='ocr_carea' id='block_1_2' title="bbox 526 294 1147 408">
    <p class='ocr_par' dir='ltr' id='par_1_2' title="bbox 526 294 1147 408">
     <span class='ocr_line' id='line_1_3' title="bbox 527 294 1147 353; baseline -0.002 -17"><span class='ocrx_word' id='word_1_6' title='bbox 527 296 646 337; x_wconf 80' lang='lat' dir='ltr'><em>Volat</em></span> <span class='ocrx_word' id='word_1_7' title='bbox 673 295 863 353; x_wconf 85' lang='lat' dir='ltr'><em>ambiguis</em></span> <span class='ocrx_word' id='word_1_8' title='bbox 889 294 1040 336; x_wconf 82' lang='lat' dir='ltr'><em>mobilis</em></span> <span class='ocrx_word' id='word_1_9' title='bbox 1068 294 1147 336; x_wconf 90' lang='lat' dir='ltr'><em>alis</em></span> 
     </span>
     <span class='ocr_line' id='line_1_4' title="bbox 526 365 873 408; baseline -0.006 -1"><span class='ocrx_word' id='word_1_10' title='bbox 526 365 654 408; x_wconf 85' lang='lat' dir='ltr'><em>Hora.</em></span> <span class='ocrx_word' id='word_1_11' title='bbox 711 390 725 397; x_wconf 93' lang='lat'><em>—</em></span> <span class='ocrx_word' id='word_1_12' title='bbox 786 392 800 399; x_wconf 94' lang='lat'>-</span> <span class='ocrx_word' id='word_1_13' title='bbox 855 392 873 400; x_wconf 93' lang='lat'>-</span> 
     </span>
    </p>
   </div>
   <div class='ocr_carea' id='block_1_3' title="bbox 231 456 1665 591">
    <p class='ocr_par' dir='ltr' id='par_1_3' title="bbox 231 456 1665 591">
     <span class='ocr_line' id='line_1_5' title="bbox 231 456 1665 522; baseline -0.003 -18"><span class='ocrx_word' id='word_1_14' title='bbox 231 479 318 522; x_wconf 53' lang='grc' dir='ltr'><em>εφη,</em></span> <span class='ocrx_word' id='word_1_15' title='bbox 449 460 635 504; x_wconf 80' lang='lat' dir='ltr'>Observat</span> <span class='ocrx_word' id='word_1_16' title='bbox 651 475 781 505; x_wconf 85' lang='lat' dir='ltr'>autem</span> <span class='ocrx_word' id='word_1_17' title='bbox 799 460 1051 516; x_wconf 86' lang='lat' dir='ltr'><strong>Philosophus</strong></span> <span class='ocrx_word' id='word_1_18' title='bbox 1063 493 1072 508; x_wconf 95' lang='lat'>,</span> <span class='ocrx_word' id='word_1_19' title='bbox 1101 458 1306 515; x_wconf 84' lang='lat' dir='ltr'>Virgilium</span> <span class='ocrx_word' id='word_1_20' title='bbox 1314 471 1403 499; x_wconf 92' lang='lat' dir='ltr'><em>cum</em></span> <span class='ocrx_word' id='word_1_21' title='bbox 1419 456 1468 499; x_wconf 88' lang='lat' dir='ltr'><em>de</em></span> <span class='ocrx_word' id='word_1_22' title='bbox 1478 458 1665 500; x_wconf 78' lang='lat' dir='ltr'>celeritate</span> 
     </span>
     <span class='ocr_line' id='line_1_6' title="bbox 233 515 1480 591; baseline -0.003 -17"><span class='ocrx_word' id='word_1_23' title='bbox 233 517 278 553; x_wconf 43' lang='grc' dir='ltr'><em>η’</em></span> <span class='ocrx_word' id='word_1_24' title='bbox 289 515 353 544; x_wconf 72' lang='lat'><em>¹⁰8⁶</em></span> <span class='ocrx_word' id='word_1_25' title='bbox 395 538 579 590; x_wconf 81' lang='lat' dir='ltr'>temporis</span> <span class='ocrx_word' id='word_1_26' title='bbox 596 539 673 591; x_wconf 84' lang='lat' dir='ltr'>agit</span> <span class='ocrx_word' id='word_1_27' title='bbox 684 562 696 577; x_wconf 83' lang='lat'>‚</span> <span class='ocrx_word' id='word_1_28' title='bbox 724 549 919 590; x_wconf 88' lang='lat' dir='ltr'>nunquam</span> <span class='ocrx_word' id='word_1_29' title='bbox 935 534 1010 574; x_wconf 85' lang='lat' dir='ltr'>alio</span> <span class='ocrx_word' id='word_1_30' title='bbox 1020 531 1134 573; x_wconf 85' lang='lat' dir='ltr'>verbo</span> <span class='ocrx_word' id='word_1_31' title='bbox 1144 535 1201 572; x_wconf 85' lang='lat' dir='ltr'><em>uti</em></span> <span class='ocrx_word' id='word_1_32' title='bbox 1219 544 1336 586; x_wconf 83' lang='lat' dir='ltr'>quam</span> <span class='ocrx_word' id='word_1_33' title='bbox 1343 530 1480 586; x_wconf 83' lang='lat' dir='ltr'><em>fugit:</em></span> 
     </span>
    </p>
   </div>
   <div class='ocr_carea' id='block_1_4' title="bbox 530 629 1562 828">
    <p class='ocr_par' dir='ltr' id='par_1_4' title="bbox 530 629 1562 828">
     <span class='ocr_line' id='line_1_7' title="bbox 605 629 1328 686; baseline -0.012 -12"><span class='ocrx_word' id='word_1_34' title='bbox 605 659 621 666; x_wconf 96' lang='lat'><em>-</em></span> <span class='ocrx_word' id='word_1_35' title='bbox 678 658 696 666; x_wconf 91' lang='lat'><strong>·</strong></span> <span class='ocrx_word' id='word_1_36' title='bbox 753 631 874 686; x_wconf 80' lang='lat' dir='ltr'><em>Fugit</em></span> <span class='ocrx_word' id='word_1_37' title='bbox 891 629 1150 686; x_wconf 76' lang='lat' dir='ltr'><em>irreparabile</em></span> <span class='ocrx_word' id='word_1_38' title='bbox 1178 636 1328 682; x_wconf 81' lang='lat' dir='ltr'><em>tempus</em></span> 
     </span>
     <span class='ocr_line' id='line_1_8' title="bbox 531 697 1562 758; baseline -0.004 -16"><span class='ocrx_word' id='word_1_39' title='bbox 531 702 692 756; x_wconf 83' lang='lat' dir='ltr'><em>Optima</em></span> <span class='ocrx_word' id='word_1_40' title='bbox 709 716 864 758; x_wconf 80' lang='lat' dir='ltr'><em>quaeque</em></span> <span class='ocrx_word' id='word_1_41' title='bbox 883 700 967 742; x_wconf 84' lang='lat' dir='ltr'><em>dies</em></span> <span class='ocrx_word' id='word_1_42' title='bbox 985 699 1204 752; x_wconf 84' lang='lat' dir='ltr'><em>miseranda</em></span> <span class='ocrx_word' id='word_1_43' title='bbox 1222 697 1451 740; x_wconf 82' lang='lat' dir='ltr'><em>mortalibus</em></span> <span class='ocrx_word' id='word_1_44' title='bbox 1467 698 1562 746; x_wconf 84' lang='lat' dir='ltr'><em>aevi,</em></span> 
     </span>
     <span class='ocr_line' id='line_1_9' title="bbox 530 768 1337 828; baseline -0.006 -16"><span class='ocrx_word' id='word_1_45' title='bbox 530 772 677 812; x_wconf 79' lang='lat' dir='ltr'><em>Prima</em></span> <span class='ocrx_word' id='word_1_46' title='bbox 684 772 806 828; x_wconf 80' lang='lat' dir='ltr'><em>fugit.</em></span> <span class='ocrx_word' id='word_1_47' title='bbox 862 797 876 803; x_wconf 98' lang='lat'>-</span> <span class='ocrx_word' id='word_1_48' title='bbox 933 796 948 802; x_wconf 95' lang='lat'><em>—</em></span> <span class='ocrx_word' id='word_1_49' title='bbox 1005 794 1024 805; x_wconf 66' lang='grc' dir='ltr'><strong><em>ο</em></strong></span> <span class='ocrx_word' id='word_1_50' title='bbox 1334 768 1337 771; x_wconf 68' lang='grc'>’</span> 
     </span>
    </p>
   </div>
   <div class='ocr_carea' id='block_1_5' title="bbox 239 864 1676 1620">
    <p class='ocr_par' dir='ltr' id='par_1_5' title="bbox 239 864 1676 1620">
     <span class='ocr_line' id='line_1_10' title="bbox 393 864 1673 922; baseline -0.004 -12"><span class='ocrx_word' id='word_1_51' title='bbox 393 872 452 910; x_wconf 84' lang='lat' dir='ltr'><em>Ex</em></span> <span class='ocrx_word' id='word_1_52' title='bbox 471 868 606 922; x_wconf 78' lang='lat' dir='ltr'>quibus</span> <span class='ocrx_word' id='word_1_53' title='bbox 626 868 702 909; x_wconf 84' lang='lat' dir='ltr'><em>haec</em></span> <span class='ocrx_word' id='word_1_54' title='bbox 729 868 876 909; x_wconf 84' lang='lat' dir='ltr'>Lucilio</span> <span class='ocrx_word' id='word_1_55' title='bbox 902 866 969 907; x_wconf 92' lang='lat' dir='ltr'><em>suo</em></span> <span class='ocrx_word' id='word_1_56' title='bbox 998 865 1175 921; x_wconf 87' lang='lat' dir='ltr'>nobisque</span> <span class='ocrx_word' id='word_1_57' title='bbox 1202 877 1383 921; x_wconf 83' lang='lat' dir='ltr'><em>praecepta</em></span> <span class='ocrx_word' id='word_1_58' title='bbox 1409 864 1542 906; x_wconf 83' lang='lat' dir='ltr'>tradit:</span> <span class='ocrx_word' id='word_1_59' title='bbox 1575 864 1673 916; x_wconf 67' lang='lat' dir='ltr'><em>Nisi</em></span> 
     </span>
     <span class='ocr_line' id='line_1_11' title="bbox 381 936 1667 998; baseline -0.003 -18"><span class='ocrx_word' id='word_1_60' title='bbox 381 950 639 998; x_wconf 78' lang='lat' dir='ltr'><em>properamus</em></span> <span class='ocrx_word' id='word_1_61' title='bbox 651 973 660 986; x_wconf 96' lang='lat'>,</span> <span class='ocrx_word' id='word_1_62' title='bbox 692 939 976 994; x_wconf 81' lang='lat' dir='ltr'><em>relinquimur:</em></span> <span class='ocrx_word' id='word_1_63' title='bbox 986 938 1069 992; x_wconf 84' lang='lat' dir='ltr'><em>agit</em></span> <span class='ocrx_word' id='word_1_64' title='bbox 1088 951 1157 977; x_wconf 85' lang='lat' dir='ltr'><em>nos</em></span> <span class='ocrx_word' id='word_1_65' title='bbox 1176 968 1193 984; x_wconf 75' lang='lat'><em>,</em></span> <span class='ocrx_word' id='word_1_66' title='bbox 1223 937 1428 992; x_wconf 81' lang='lat' dir='ltr'><em>agiturque</em></span> <span class='ocrx_word' id='word_1_67' title='bbox 1445 936 1562 977; x_wconf 75' lang='lat' dir='ltr'><em>velox</em></span> <span class='ocrx_word' id='word_1_68' title='bbox 1572 936 1667 980; x_wconf 81' lang='lat' dir='ltr'><em>dies.</em></span> 
     </span>
     <span class='ocr_line' id='line_1_12' title="bbox 391 1006 1671 1065; baseline -0.002 -13"><span class='ocrx_word' id='word_1_69' title='bbox 391 1010 605 1065; x_wconf 69' lang='lat' dir='ltr'><em>Mmquam</em></span> <span class='ocrx_word' id='word_1_70' title='bbox 624 1008 729 1048; x_wconf 80' lang='lat' dir='ltr'><em>dixit</em></span> <span class='ocrx_word' id='word_1_71' title='bbox 747 1009 943 1064; x_wconf 81' lang='lat' dir='ltr'><em>Virgilius</em></span> <span class='ocrx_word' id='word_1_72' title='bbox 954 1041 963 1055; x_wconf 93' lang='lat'>‚</span> <span class='ocrx_word' id='word_1_73' title='bbox 977 1008 1061 1048; x_wconf 85' lang='lat' dir='ltr'><em>dies</em></span> <span class='ocrx_word' id='word_1_74' title='bbox 1070 1009 1130 1048; x_wconf 84' lang='lat' dir='ltr'><em>ire</em></span> <span class='ocrx_word' id='word_1_75' title='bbox 1141 1027 1150 1056; x_wconf 81' lang='lat'>3</span> <span class='ocrx_word' id='word_1_76' title='bbox 1162 1006 1239 1060; x_wconf 71' lang='lat' dir='ltr'><em>st’d</em></span> <span class='ocrx_word' id='word_1_77' title='bbox 1262 1007 1304 1047; x_wconf 89' lang='lat' dir='ltr'><em>F</em></span> <span class='ocrx_word' id='word_1_78' title='bbox 1308 1007 1518 1048; x_wconf 77' lang='lat' dir='ltr'><em>UGERE</em></span> <span class='ocrx_word' id='word_1_79' title='bbox 1528 1041 1538 1055; x_wconf 92' lang='lat'>‚</span> <span class='ocrx_word' id='word_1_80' title='bbox 1569 1007 1671 1063; x_wconf 86' lang='lat' dir='ltr'><em>quod</em></span> 
     </span>
     <span class='ocr_line' id='line_1_13' title="bbox 393 1075 1667 1133; baseline -0.002 -11"><span class='ocrx_word' id='word_1_81' title='bbox 393 1077 578 1122; x_wconf 81' lang='lat' dir='ltr'><em>currendi</em></span> <span class='ocrx_word' id='word_1_82' title='bbox 589 1091 713 1133; x_wconf 79' lang='lat' dir='ltr'><em>genus</em></span> <span class='ocrx_word' id='word_1_83' title='bbox 730 1075 1057 1128; x_wconf 72' lang='lat' dir='ltr'><em>concitatiffi&#39;mum</em></span> <span class='ocrx_word' id='word_1_84' title='bbox 1077 1075 1137 1128; x_wconf 83' lang='lat' dir='ltr'><em>est.</em></span> <span class='ocrx_word' id='word_1_85' title='bbox 1167 1075 1274 1129; x_wconf 82' lang='lat' dir='ltr'><em>Qid</em></span> <span class='ocrx_word' id='word_1_86' title='bbox 1294 1091 1384 1132; x_wconf 85' lang='lat' dir='ltr'>ergo</span> <span class='ocrx_word' id='word_1_87' title='bbox 1404 1076 1584 1118; x_wconf 75' lang='lat' dir='ltr'><em>cessamus</em></span> <span class='ocrx_word' id='word_1_88' title='bbox 1595 1091 1667 1120; x_wconf 86' lang='lat' dir='ltr'><em>nos</em></span> 
     </span>
     <span class='ocr_line' id='line_1_14' title="bbox 393 1143 1669 1206; baseline -0.001 -16"><span class='ocrx_word' id='word_1_89' title='bbox 393 1149 464 1206; x_wconf 82' lang='lat' dir='ltr'>ipsi</span> <span class='ocrx_word' id='word_1_90' title='bbox 483 1153 669 1189; x_wconf 85' lang='lat' dir='ltr'>concitare</span> <span class='ocrx_word' id='word_1_91' title='bbox 681 1180 690 1194; x_wconf 87' lang='lat'><strong>‚</strong></span> <span class='ocrx_word' id='word_1_92' title='bbox 720 1158 764 1187; x_wconf 90' lang='lat' dir='ltr'><em>ut</em></span> <span class='ocrx_word' id='word_1_93' title='bbox 780 1146 1021 1187; x_wconf 86' lang='lat' dir='ltr'>velocitatem</span> <span class='ocrx_word' id='word_1_94' title='bbox 1041 1143 1274 1199; x_wconf 82' lang='lat' dir='ltr'>rapidiffimae</span> <span class='ocrx_word' id='word_1_95' title='bbox 1293 1152 1344 1187; x_wconf 81' lang='lat' dir='ltr'><em>rei</em></span> <span class='ocrx_word' id='word_1_96' title='bbox 1360 1147 1540 1202; x_wconf 84' lang='lat' dir='ltr'>poffimus</span> <span class='ocrx_word' id='word_1_97' title='bbox 1551 1162 1669 1204; x_wconf 83' lang='lat' dir='ltr'>aequa-</span> 
     </span>
     <span class='ocr_line' id='line_1_15' title="bbox 395 1214 1669 1272; baseline 0.002 -15"><span class='ocrx_word' id='word_1_98' title='bbox 395 1231 465 1258; x_wconf 86' lang='lat' dir='ltr'><em>re:</em></span> <span class='ocrx_word' id='word_1_99' title='bbox 506 1216 662 1256; x_wconf 83' lang='lat' dir='ltr'><em>meliora</em></span> <span class='ocrx_word' id='word_1_100' title='bbox 699 1214 970 1270; x_wconf 75' lang='lat' dir='ltr'><em>praetervolant.</em></span> <span class='ocrx_word' id='word_1_101' title='bbox 1029 1215 1225 1267; x_wconf 83' lang='lat' dir='ltr'><em>Quoniam</em></span> <span class='ocrx_word' id='word_1_102' title='bbox 1254 1219 1367 1271; x_wconf 81' lang='lat' dir='ltr'>igitur</span> <span class='ocrx_word' id='word_1_103' title='bbox 1395 1229 1546 1272; x_wconf 84' lang='lat' dir='ltr'>tempus</span> <span class='ocrx_word' id='word_1_104' title='bbox 1571 1218 1669 1259; x_wconf 86' lang='lat' dir='ltr'><em>adeo</em></span> 
     </span>
     <span class='ocr_line' id='line_1_16' title="bbox 401 1283 1669 1340; baseline 0 -13"><span class='ocrx_word' id='word_1_105' title='bbox 401 1285 514 1328; x_wconf 88' lang='lat' dir='ltr'>velox</span> <span class='ocrx_word' id='word_1_106' title='bbox 536 1284 598 1333; x_wconf 82' lang='lat' dir='ltr'><em>fit,</em></span> <span class='ocrx_word' id='word_1_107' title='bbox 630 1297 672 1325; x_wconf 90' lang='lat' dir='ltr'><em>ut</em></span> <span class='ocrx_word' id='word_1_108' title='bbox 690 1284 822 1340; x_wconf 87' lang='lat' dir='ltr'>paffim</span> <span class='ocrx_word' id='word_1_109' title='bbox 839 1299 926 1325; x_wconf 90' lang='lat' dir='ltr'><em>cum</em></span> <span class='ocrx_word' id='word_1_110' title='bbox 947 1283 1015 1324; x_wconf 88' lang='lat' dir='ltr'>alis</span> <span class='ocrx_word' id='word_1_111' title='bbox 1035 1287 1286 1338; x_wconf 77' lang='lat' dir='ltr'><em>exprimatur:</em></span> <span class='ocrx_word' id='word_1_112' title='bbox 1316 1291 1402 1326; x_wconf 86' lang='lat' dir='ltr'>anni</span> <span class='ocrx_word' id='word_1_113' title='bbox 1420 1287 1458 1327; x_wconf 87' lang='lat'>&amp;</span> <span class='ocrx_word' id='word_1_114' title='bbox 1474 1287 1574 1327; x_wconf 87' lang='lat' dir='ltr'>horae</span> <span class='ocrx_word' id='word_1_115' title='bbox 1592 1287 1669 1328; x_wconf 86' lang='lat' dir='ltr'>ala-</span> 
     </span>
     <span class='ocr_line' id='line_1_17' title="bbox 402 1352 1670 1408; baseline -0.001 -12"><span class='ocrx_word' id='word_1_116' title='bbox 402 1366 450 1396; x_wconf 81' lang='lat' dir='ltr'><em>tae</em></span> <span class='ocrx_word' id='word_1_117' title='bbox 469 1353 561 1402; x_wconf 81' lang='lat' dir='ltr'>sint,</span> <span class='ocrx_word' id='word_1_118' title='bbox 591 1354 628 1393; x_wconf 74' lang='grc' dir='ltr'>ἃ</span> <span class='ocrx_word' id='word_1_119' title='bbox 648 1353 759 1393; x_wconf 83' lang='lat' dir='ltr'>instar</span> <span class='ocrx_word' id='word_1_120' title='bbox 777 1356 856 1393; x_wconf 85' lang='lat' dir='ltr'>avis</span> <span class='ocrx_word' id='word_1_121' title='bbox 877 1365 1030 1406; x_wconf 85' lang='lat' dir='ltr'>tempus</span> <span class='ocrx_word' id='word_1_122' title='bbox 1048 1352 1308 1406; x_wconf 81' lang='lat' dir='ltr'>praetervolet‚</span> <span class='ocrx_word' id='word_1_123' title='bbox 1339 1354 1428 1408; x_wconf 91' lang='lat' dir='ltr'>quid</span> <span class='ocrx_word' id='word_1_124' title='bbox 1445 1354 1578 1395; x_wconf 87' lang='lat' dir='ltr'>melius</span> <span class='ocrx_word' id='word_1_125' title='bbox 1597 1355 1670 1396; x_wconf 88' lang='lat' dir='ltr'>dici</span> 
     </span>
     <span class='ocr_line' id='line_1_18' title="bbox 239 1421 1676 1485; baseline -0.001 -19"><span class='ocrx_word' id='word_1_126' title='bbox 239 1441 359 1482; x_wconf 55' lang='lat' dir='ltr'><em>rplnſsv,</em></span> <span class='ocrx_word' id='word_1_127' title='bbox 399 1424 546 1482; x_wconf 87' lang='lat' dir='ltr'>potest,</span> <span class='ocrx_word' id='word_1_128' title='bbox 578 1438 692 1485; x_wconf 60' lang='lat' dir='ltr'>quam</span> <span class='ocrx_word' id='word_1_129' title='bbox 719 1421 824 1476; x_wconf 89' lang='lat' dir='ltr'>quod</span> <span class='ocrx_word' id='word_1_130' title='bbox 851 1421 949 1462; x_wconf 84' lang='lat' dir='ltr'>dixit</span> <span class='ocrx_word' id='word_1_131' title='bbox 976 1422 1213 1476; x_wconf 83' lang='lat' dir='ltr'>Apostolus:</span> <span class='ocrx_word' id='word_1_132' title='bbox 1242 1423 1493 1465; x_wconf 85' lang='lat' dir='ltr'><em>Redimentes</em></span> <span class='ocrx_word' id='word_1_133' title='bbox 1510 1434 1676 1479; x_wconf 68' lang='lat' dir='ltr'><em>tempus,</em></span> 
     </span>
     <span class='ocr_line' id='line_1_19' title="bbox 401 1489 1669 1546; baseline -0.001 -10"><span class='ocrx_word' id='word_1_134' title='bbox 401 1499 458 1536; x_wconf 85' lang='lat' dir='ltr'><em>Ea</em></span> <span class='ocrx_word' id='word_1_135' title='bbox 475 1497 576 1534; x_wconf 85' lang='lat' dir='ltr'>enim</span> <span class='ocrx_word' id='word_1_136' title='bbox 588 1492 733 1543; x_wconf 67' lang='lat' dir='ltr'>jastura</span> <span class='ocrx_word' id='word_1_137' title='bbox 750 1494 802 1530; x_wconf 85' lang='lat' dir='ltr'><em>rei</em></span> <span class='ocrx_word' id='word_1_138' title='bbox 831 1489 1039 1546; x_wconf 79' lang='lat' dir='ltr'>graviffima</span> <span class='ocrx_word' id='word_1_139' title='bbox 1061 1490 1134 1536; x_wconf 87' lang='lat' dir='ltr'><em>est,</em></span> <span class='ocrx_word' id='word_1_140' title='bbox 1166 1504 1246 1546; x_wconf 81' lang='lat' dir='ltr'><em>quae</em></span> <span class='ocrx_word' id='word_1_141' title='bbox 1275 1489 1387 1532; x_wconf 85' lang='lat' dir='ltr'><em>semel</em></span> <span class='ocrx_word' id='word_1_142' title='bbox 1411 1490 1539 1534; x_wconf 73' lang='lat' dir='ltr'>amiffi</span> <span class='ocrx_word' id='word_1_143' title='bbox 1564 1508 1669 1535; x_wconf 88' lang='lat' dir='ltr'>recu-</span> 
     </span>
     <span class='ocr_line' id='line_1_20' title="bbox 399 1557 766 1620; baseline -0.022 -15"><span class='ocrx_word' id='word_1_144' title='bbox 399 1566 519 1620; x_wconf 80' lang='lat' dir='ltr'>perati</span> <span class='ocrx_word' id='word_1_145' title='bbox 536 1574 614 1601; x_wconf 91' lang='lat' dir='ltr'><em>non</em></span> <span class='ocrx_word' id='word_1_146' title='bbox 631 1557 766 1614; x_wconf 79' lang='lat' dir='ltr'>potest.</span> 
     </span>
    </p>
   </div>
   <div class='ocr_carea' id='block_1_6' title="bbox 242 1652 1535 1782">
    <p class='ocr_par' dir='ltr' id='par_1_6' title="bbox 242 1652 1535 1782">
     <span class='ocr_line' id='line_1_21' title="bbox 242 1652 1535 1712; baseline 0.014 -32"><span class='ocrx_word' id='word_1_147' title='bbox 242 1671 369 1701; x_wconf 48' lang='lat' dir='ltr'><em>mmm·</em></span> <span class='ocrx_word' id='word_1_148' title='bbox 539 1656 626 1701; x_wconf 69' lang='lat' dir='ltr'><em>Nec</em></span> <span class='ocrx_word' id='word_1_149' title='bbox 645 1668 727 1712; x_wconf 80' lang='lat' dir='ltr'><em>quae</em></span> <span class='ocrx_word' id='word_1_150' title='bbox 733 1654 956 1709; x_wconf 61' lang='lat' dir='ltr'><em>praeteriit,</em></span> <span class='ocrx_word' id='word_1_151' title='bbox 987 1653 1126 1705; x_wconf 82' lang='lat' dir='ltr'><em>rursus</em></span> <span class='ocrx_word' id='word_1_152' title='bbox 1143 1652 1393 1695; x_wconf 79' lang='lat' dir='ltr'><em>revocabitur</em></span> <span class='ocrx_word' id='word_1_153' title='bbox 1410 1655 1535 1699; x_wconf 75' lang='lat' dir='ltr'><em>unda,</em></span> 
     </span>
     <span class='ocr_line' id='line_1_22' title="bbox 242 1710 1436 1782; baseline 0.009 -25"><span class='ocrx_word' id='word_1_154' title='bbox 242 1714 285 1749; x_wconf 63' lang='lat' dir='ltr'><em>W·</em></span> <span class='ocrx_word' id='word_1_155' title='bbox 295 1710 360 1748; x_wconf 56' lang='grc' dir='ltr'><em>Μ’·</em></span> <span class='ocrx_word' id='word_1_156' title='bbox 595 1724 683 1767; x_wconf 83' lang='lat' dir='ltr'><em>Nec</em></span> <span class='ocrx_word' id='word_1_157' title='bbox 700 1724 1014 1780; x_wconf 81' lang='lat' dir='ltr'><em>quaepraeteriit,</em></span> <span class='ocrx_word' id='word_1_158' title='bbox 1048 1723 1144 1764; x_wconf 84' lang='lat' dir='ltr'><em>hora</em></span> <span class='ocrx_word' id='word_1_159' title='bbox 1162 1724 1294 1766; x_wconf 86' lang='lat' dir='ltr'><em>redire</em></span> <span class='ocrx_word' id='word_1_160' title='bbox 1302 1725 1436 1782; x_wconf 74' lang='lat' dir='ltr'><em>potest.</em></span> 
     </span>
    </p>
   </div>
   <div class='ocr_carea' id='block_1_7' title="bbox 848 1857 1212 1899">
    <p class='ocr_par' dir='ltr' id='par_1_7' title="bbox 848 1857 1212 1899">
     <span class='ocr_line' id='line_1_23' title="bbox 848 1857 1212 1899; baseline 0.003 -1"><span class='ocrx_word' id='word_1_161' title='bbox 848 1857 1212 1899; x_wconf 81' lang='lat' dir='ltr'><strong>FlNIS.</strong></span> 
     </span>
    </p>
   </div>
  </div>
 </body>
</html>
