1855 2589
459 134 1080 183 SELECTIORA.
1363 158 1427 197 ῃ,

645 248 659 266 t

701 299 742 339 X
769 296 811 338 V
838 299 880 338 Ι..

361 404 547 446 C'OELI
584 404 688 447 VIS
727 404 1024 447 SUFFICIT
1063 408 1207 450 UNA.

282 541 422 597 Sponte
430 542 509 594 fita
526 540 1100 597 umbrospstat·vitispalmite:
1129 544 1282 587 dextrae

338 608 431 652 Non
447 609 629 651 cultricis
647 616 755 665 eget,
785 608 1009 664 quodfovezf
1028 624 1128 652 aura
1145 612 1243 655 Dei.

209 735 314 776 ‘Olus
331 735 439 774 Deus
448 745 535 774 vere
544 731 653 773 fortis
669 746 712 772 ac
721 744 858 788 potens
871 765 879 780 ,
891 736 956 787 qui
967 745 1011 775 ut
1021 746 1114 776 nutu
1134 735 1202 778 suo
1213 751 1284 780 nos
1294 754 1419 794 quon*

214 815 217 817 ’
242 802 331 843 dam
349 805 487 842 creavit
499 835 508 849 ,
538 806 590 842 ita
607 816 763 856 quoque
782 814 955 843 mortuos
975 811 1214 860 regeneravit.
1252 808 1413 857 Valens,

146 876 269 927 inquit
288 869 494 925 Apostolus
506 903 515 916 ,
550 884 617 910 nos
627 871 836 926 progenuit
846 873 1021 923 sermone
1040 875 1259 922 veritatis,
1271 887 1315 916 nt
1332 879 1415 932 effe-
1432 887 1562 925 Jacob.1;

144 956 231 984 mus
247 939 442 996 primitiae
478 938 648 993 quaedam
685 953 812 979 eorum
849 953 931 995 quae
964 942 1130 982 creavit.
1190 939 1305 984 Hunc
1333 946 1418 987 sane
1436 929 1482 954 ¹8¹

142 1003 344 1048 successum
363 1003 522 1045 habuere
549 1005 744 1048 molimina
770 1011 851 1059 ejus
866 1041 875 1055 ‚
906 1013 971 1062 qui
1001 1008 1190 1050 homicida
1209 1011 1265 1051 est
1282 1012 1327 1052 ab
1347 1018 1417 1054 ini-

143 1082 228 1125 tio,
257 1088 301 1116 ut
321 1086 515 1129 quotquot
541 1076 704 1117 existunt
733 1077 906 1118 homines
928 1111 938 1125 ‚
968 1091 1171 1133 antequam
1199 1095 1417 1137 regeneren-

142 1161 226 1195 tur,
258 1159 387 1187 natura
407 1145 468 1185 sua
488 1151 627 1186 mortui
647 1147 717 1188 smt
736 1153 774 1189 in
793 1148 953 1204 lapsibus
981 1150 1018 1189 ὅ(
1036 1155 1208 1204 peccatis.
1263 1155 1333 1193 Per
1358 1168 1417 1194 re-

144 1221 422 1278 generationem
442 1227 569 1255 autem
589 1230 688 1258 nova
706 1218 777 1260 illis
792 1224 870 1260 vita
889 1218 1048 1261 inditur:
1079 1220 1256 1261 resultans
1275 1236 1323 1263 ex
1339 1238 1418 1279 gra:

140 1289 235 1332 tiosa
254 1291 393 1327 unione
411 1299 497 1324 cum
517 1287 603 1325 Deo
622 1287 774 1341 ejusque
791 1288 931 1343 spiritu.
989 1289 1110 1339 Cujus
1136 1302 1239 1330 tanta
1259 1291 1427 1344 quidem¹

140 1361 199 1399 vis
218 1355 293 1400 est,
323 1365 365 1392 ut
392 1351 514 1391 subito
545 1350 736 1394 bominem
768 1355 950 1395 mutando
971 1388 980 1401 ‚
1020 1369 1067 1395 ex
1102 1354 1215 1395 feroci
1244 1359 1415 1400 mansue-

140 1440 244 1473 tum,
275 1438 322 1464 ex
338 1421 495 1477 superbo
513 1421 693 1464 humilem
706 1458 715 1471 ,
747 1439 794 1465 ex
813 1429 1054 1480 immorigero
1073 1423 1312 1464 obedientem
1332 1426 1416 1467 recl-

141 1497 216 1538 dat.
272 1493 417 1535 Illustre
435 1495 515 1543 ejus
535 1491 640 1545 quod
669 1492 840 1533 diximus·
862 1494 1077 1549 exemplum
1107 1493 1287 1534 habemus
1306 1499 1343 1534 in
1360 1501 1415 1537 A-

140 1566 291 1625 postolo
312 1567 481 1621 gentium
498 1562 636 1610 Paulo,
667 1568 734 1618 qui
762 1563 854 1604 dum
884 1567 1004 1603 minas
1031 1577 1074 1602 ac
1093 1561 1231 1602 caedem
1261 1563 1413 1618 spiraret

139 1635 312 1678 adversus
331 1632 591 1680 Christicolas,
622 1646 775 1688 repente
794 1633 875 1672 luce
893 1632 941 1672 de
961 1632 1056 1672 coelo
1075 1631 1316 1673 circumfusus
1330 1667 1338 1680 ,
1369 1651 1414 1676 ac

140 1704 303 1759 dilapsus
322 1707 359 1742 in
379 1714 515 1742 terram
529 1734 537 1747 ‚
567 1704 667 1752 ejus,
689 1715 803 1755 quem
824 1704 908 1755 igne
927 1700 964 1738 8<
980 1698 1077 1739 ferro
1097 1699 1412 1753 persequebatur,

136 1778 287 1818 servitio
305 1774 341 1813 se
360 1776 596 1827 mancipavit.
654 1773 764 1826 Opus
782 1770 866 1811 sane
876 1770 988 1826 longe
1006 1769 1341 1825 praestantiffimum
1353 1806 1361 1819 ‚
1374 1773 1413 1812 &

137 1858 289 1888 tanturn
308 1841 460 1897 quidem
476 1876 484 1889 ‚
513 1854 556 1882 ut
575 1846 694 1897 prima
719 1840 842 1881 fronte
868 1841 929 1881 vel
957 1840 1037 1896 ipso
1059 1840 1311 1882 Haebraeorum
1330 1857 1410 1883 ma-

139 1914 254 1971 gistro
275 1912 488 1954 Nicodemo
514 1912 703 1955 videretur
735 1911 814 1953 fieri
842 1926 918 1952 non
946 1909 1061 1967 posse.
1118 1913 1333 1967 Cyprianus
1362 1911 1410 1953 de
1425 1930 1514 1964 epar.

137 1986 276 2043 seipso:
305 1984 414 2043 Ergo
432 1997 516 2026 cum
541 1986 582 2024 in
608 1982 781 2025 tenebris
809 1991 925 2039 atque
952 1983 1058 2024 nocie
1090 1996 1189 2024 coeca
1199 1983 1409 2036 jacerem,

1304 2065 1407 2092 cum-
