1855 2589
406 130 460 186 48
735 126 1353 173 EMBLEMATA

409 224 538 270 batur,
569 228 657 277 quia
678 228 804 264 omnia
822 223 963 266 foedera
982 225 1019 265 &
1039 224 1432 280 paen-confirmantur
1453 229 1681 278 juramento.

408 297 670 343 Juramentum
697 307 827 335 autem
855 294 910 335 est
945 293 1113 351 religiosa
1140 297 1330 336 invocatio
1358 298 1461 342 Dei,
1502 307 1681 349 tanquam

407 361 566 404 vindicis
602 367 761 418 perjurii.
821 367 857 405 Si
894 379 984 421 ergo
1024 365 1123 405 nulla
1150 362 1241 405 esset
1271 364 1440 419 Religio,
1472 364 1617 404 nullum
1642 379 1685 405 e-

410 438 501 474 tiam
514 430 604 474 estet
615 438 818 488 perjurium
830 468 839 481 ,
854 434 1016 488 ideoque
1027 434 1152 474 liceret
1170 438 1323 487 impune
1341 431 1476 474 fallere.
1515 435 1683 477 Secunda

411 507 506 543 ratio
525 502 600 542 haec
619 502 684 543 est.
744 504 847 555 Qiia
865 501 959 558 saepe
978 507 1015 544 in
1034 502 1238 558 Republica
1256 502 1349 542 tales
1365 501 1537 543 accidunt
1555 504 1659 546 casus
1672 538 1681 552 ‚

412 577 478 626 qui
507 587 582 613 non
610 572 677 613 nisi
710 573 906 629 Religione
932 571 1098 628 expediti
1129 569 1292 626 possunt.
1349 571 1521 626 Exempli
1545 581 1683 629 gratia:

413 643 513 682 Cum
533 655 662 683 contra
678 642 827 683 hostem
847 642 958 698 longe
987 645 1242 696 potentiorem
1261 638 1315 679 est
1335 639 1601 696 pugnandum,
1632 641 1682 684 fic

410 725 454 753 ut
475 713 573 753 nulla
590 713 672 767 spes
690 717 728 753 in
756 713 929 753 humanis
954 711 1093 752 viribus
1121 709 1275 765 supersit
1295 743 1304 756 ‚
1327 723 1418 750 tum
1436 725 1458 750 a
1483 710 1559 751 sola
1579 712 1682 752 Reli-

410 788 523 838 gione
542 783 749 837 petendum
767 783 821 823 est
838 782 1018 822 auxilium
1031 814 1041 827 ‚
1070 795 1114 820 ac
1133 780 1243 820 militi
1253 779 1549 834 persuadendum
1563 814 1572 828 ‚
1603 797 1680 823 non

411 855 449 891 in
470 851 711 892 multitudine
727 855 932 896 exercitus,
962 848 1024 890 sed
1042 847 1090 888 de
1108 847 1205 887 coelo
1224 847 1420 888 vi&0riam
1449 846 1531 889 effe.
1577 851 1679 890 Con-

392 919 595 961 *cludimus
615 935 703 976 ergo
725 920 961 975 Religionem
981 921 1019 956 in
1040 915 1244 971 Republica
1271 915 1437 956 absolute
1466 914 1539 957 effe
1560 915 1678 958 necese

409 989 539 1031 sariam
551 1024 560 1038 ,
591 1005 634 1032 ac
650 989 801 1045 publicae
818 988 944 1030 salutis
964 990 1170 1027 maximum
1189 983 1403 1042 praefidium.

1433 1895 1562 1939 XXV.
1591 1896 1677 1935 ΑΒ»
