1855 2589
380 137 405 176 6
710 128 1322 177 EMBLEMATA

384 227 561 270 stantiore
589 236 722 283 genere
749 237 899 267 tantum
927 225 1079 280 deliciis⁴
1096 230 1272 268 exercuit.
1329 229 1416 277 Jam
1444 237 1531 265 cum
1556 235 1656 268 uter.

386 313 461 353 que
477 297 632 339 ferretur
649 295 696 337 ad
715 310 758 337 ea
775 296 912 350 quibus
939 293 1172 345 assueverat,
1201 310 1317 353 atque
1347 297 1420 338 hoc
1449 295 1559 351 paE'co
1594 309 1657 351 pa-

388 368 463 408 lam
482 366 657 408 omnibus
676 364 816 407 fecisset
832 369 1053 422 Lycurgus,
1084 379 1268 421 quantum
1289 367 1475 409 institutio
1495 367 1656 414 valeret,

391 450 474 478 tum
492 437 540 478 ad
561 438 732 484 meliora,
764 449 848 477 tum
865 436 914 476 ad
933 436 1138 483 deteriora,
1169 435 1285 478 dixit:
1315 436 1493 477 Proinde
1520 450 1564 478 ne
1595 450 1661 477 no-

390 503 451 543 bis
461 503 609 558 quidem
629 504 650 542 ό
667 503 777 543 cives
787 501 969 543 nobilitas
979 535 989 550 ‚
1001 516 1114 558 quam
1124 504 1295 551 miratur
1304 503 1493 559 hominnm
1503 504 1657 559 vulgus,

392 573 618 628 duft'nmque
628 571 676 612 ab
695 571 865 614 Hercule
876 585 1021 628 genus,
1041 573 1244 627 profuerit
1256 571 1355 624 §nist
1367 585 1412 612 ea
1424 573 1662 626 geffl’rimus,

381 654 459 700 per
468 656 549 700 quae
559 642 626 682 ille
635 642 857 682 mortalium
867 641 1030 682 omnium
1053 640 1281 694 clariffi'mus
1299 655 1345 682 ac
1366 640 1662 696 generofiffi'mus

392 710 543 757 exstitit
555 743 563 757 ‚
575 723 621 749 ac
628 718 707 763 per
725 722 866 749 omnem
885 710 1015 749 vitam
1033 721 1114 764 quae
1134 706 1283 759 honesta
1301 709 1399 760 fimt
1411 707 1452 751 55
1471 707 1663 760 discamus

392 779 434 822 ti&
463 791 720 820 exerceamus.
777 779 932 832 Repetit
958 781 1012 818 vir
1041 775 1252 832 ingeniosus
1281 779 1406 823 viam,
1435 790 1511 830 qua
1531 776 1660 816 multi-

389 847 510 888 tudini
528 844 1014 901 philosophicisrationibus
1033 859 1110 885 non
1127 844 1215 885 satis
1233 843 1556 892 idoneae,virtutis
1575 848 1665 884 ima-

390 918 516 972 ginem
536 914 585 954 ob
603 913 735 954 oculos
753 926 921 969 poneret.
979 911 1099 967 Qiod
1119 923 1247 953 autem
1274 911 1336 953 ille
1362 911 1451 953 fecit
1470 916 1508 953 in
1521 915 1665 952 civita-

392 999 430 1027 te
444 1020 453 1034 ,
483 985 556 1026 hoc
574 989 708 1039 cuique
727 983 983 1039 patrifamilias
1010 986 1048 1022 in
1074 981 1138 1022 sua
1157 981 1275 1022 domo
1297 1014 1307 1029 ‚
1337 986 1472 1036 cuique
1491 980 1663 1022 modera-

395 1060 469 1098 tori
489 1060 526 1095 in
543 1054 610 1094 suo
628 1069 738 1110 grege
757 1053 968 1095 faciendum
995 1052 1062 1093 est.
1123 1053 1224 1092 Nam
1252 1065 1467 1106 quanquam
1494 1064 1554 1092 tes
1587 1049 1666 1092 effi-

393 1141 462 1168 cax
481 1125 535 1167 est
553 1138 703 1171 natura,
734 1129 930 1180 potentior
956 1135 1083 1165 tamen
1111 1122 1165 1163 est
1185 1121 1398 1170 institutio,
1428 1136 1509 1178 quae
1526 1121 1665 1164 malam
1693 1141 1696 1143 ·

394 1206 566 1237 naturam
583 1195 735 1248 corrigit
754 1193 791 1233 ὅ(
811 1196 924 1235 vertit
942 1196 980 1233 in
997 1191 1151 1233 bonam.

1487 1927 1553 1969 1V.
1584 1926 1669 1968 REI
