1855 2589
505 109 1133 155 SELECTIORA.
1403 116 1453 155 61

710 251 751 290 X
778 251 818 290 X
845 250 886 289 X
912 252 941 290 1.

489 347 600 388 NIL
639 346 778 387 NON
816 346 1169 387 DOMABILE.

270 485 357 528 Stet
366 486 520 541 sonipes
539 485 632 527 licet
650 499 714 526 ore
724 485 868 536 ferox,
901 484 1002 526 hunc
1015 486 1151 536 fraenoe
1167 486 1341 526 coercent
1353 517 1363 532 ,

325 555 495 597 Currere
523 563 719 596 conantem
738 557 866 607 fizxea
882 555 975 609 pila
1002 563 1128 597 vetat.

274 667 387 719 Qus
404 663 490 704 licet
507 663 750 705 ferocissimus
770 661 875 704 facile
903 662 1100 711 domatur,
1132 663 1161 705 ss
1179 662 1224 704 sit
1243 664 1462 719 prudentia;

300 733 431 787 quidni
459 730 602 773 effrenae
629 730 799 772 libidines
829 731 866 770 &
893 736 1013 772 carnis
1050 731 1278 787 cupiditates
1315 731 1462 773 domati

185 802 335 860 poss‘ent
348 837 356 850 ‚
388 801 471 844 fisit
481 800 889 843 confilium2Arduum
910 801 1030 843 fateor
1050 802 1123 843 hoc
1141 799 1214 842 effe
1225 802 1328 854 (narn
1348 814 1391 841 ut
1410 806 1463 842 ait

186 875 392 914 Terentius
405 906 414 920 ,
445 872 636 927 ingenium
656 871 706 918 eli
725 873 887 913 omnium
906 874 1105 914 hominum
1106 874 1288 929 proclive
1307 871 1361 912 ad
1376 872 1463 912 libi-

185 942 329 997 dinem)
341 957 416 983 non
433 954 561 982 tamen
580 942 654 982 tale
666 975 675 988 ,
688 941 795 996 quod
815 947 978 982 omnino*
992 941 1070 982 fieri
1096 955 1276 996 nequeat:
1306 941 1406 982 unde
1425 942 1463 981 ὃ(

186 1013 279 1054 illud
299 1012 510 1069 Augustini.
568 1011 719 1053 Nolunt
738 1012 907 1053 homines-
925 1016 992 1064 este
1000 1022 1184 1068 potentes
1202 1022 1338 1053 contra
1356 1013 1464 1053 vitia

185 1091 302 1138 atque
321 1081 524 1128 libidines,
555 1095 639 1122 cum
655 1091 785 1122 tamen
794 1081 916 1136 plane
934 1091 1081 1136 oportet
1104 1113 1121 1129 ,
1150 1090 1193 1121 ut
1212 1083 1465 1137 unnsquisque

186 1168 270 1195 eam
280 1154 496 1208 potentiam
524 1162 707 1208 appetat:
737 1162 781 1193 ut
791 1161 933 1207 potens
957 1151 1007 1205 sit
1027 1152 1068 1191 in
1086 1154 1133 1204 se
1159 1153 1248 1207 ipso.
1311 1154 1464 1192 Virium

184 1221 320 1262 scilicet
336 1221 422 1262 satis
442 1221 516 1268 est,
549 1220 614 1261 nisl
634 1219 728 1261 desit
747 1221 934 1262 voluntas.
995 1221 1085 1261 Non
1111 1234 1238 1261 tamen
1266 1220 1464 1275 quisquam

186 1305 273 1331 vete
291 1304 428 1346 potens
446 1291 589 1332 dicetur
601 1318 611 1332 ,
641 1290 667 1331 fi
685 1306 762 1332 non
782 1291 876 1332 hanc
887 1291 988 1333 suam
999 1296 1213 1348 potentiam
1234 1296 1270 1332 in
1288 1292 1463 1347 semetip-

187 1358 267 1401 sum
297 1359 333 1399 δι
352 1374 423 1416 pro
441 1359 477 1400 se
497 1360 577 1416 ipso
598 1373 781 1402 exercear.

465 1456 547 1514 Qui
567 1459 613 1509 st’
641 1457 747 1498 volet
775 1461 843 1509 effe
859 1466 1058 1512 potentem

461 1525 673 1566 nAnimnm
702 1525 825 1566 domet
854 1525 921 1565 ille
939 1526 1123 1576 ferocem.

191 1621 328 1675 Neque
345 1624 444 1660 enim
463 1620 730 1674 cupiditatibus
748 1621 932 1661 moderari
953 1620 1007 1661 est
1024 1619 1060 1660 se
1075 1619 1221 1660 servum
1250 1618 1390 1667 facere,
1422 1633 1465 1662 ut

190 1701 389 1731 autumant
415 1689 487 1736 illi,
517 1693 580 1744 qui
616 1689 682 1731 nist
712 1691 816 1744 quod
845 1691 966 1731 oculis
985 1724 995 1738 ‚
1025 1689 1174 1730 auribus
1201 1704 1244 1729 ac
1271 1689 1464 1731 abdomini

191 1757 424 1805 blandiatur,
453 1762 491 1798 in
509 1757 617 1800 bonis
638 1759 851 1801 habendum
871 1773 1005 1816 putant
1026 1780 1036 1808 3
1076 1758 1138 1799 sed
1158 1758 1265 1813 plane
1285 1758 1439 1799 liberum
1453 1793 1463 1806 ‚

192 1826 375 1882 siquidem
395 1827 543 1868 libertas
563 1828 617 1869 est
636 1829 804 1885 potestas
822 1829 973 1872 vivendi
994 1843 1037 1870 ut
1058 1829 1161 1870 velis.
1219 1831 1253 1868 Is
1271 1840 1400 1868 autem
1412 1831 1464 1867 vi-

191 1902 247 1940 vit
266 1910 308 1938 ut
326 1897 430 1945 vult,
459 1902 524 1953 qui
543 1899 641 1940 re6³ca
668 1899 834 1954 sequitur
852 1932 863 1948 ‚
893 1903 960 1954 qui
987 1899 1127 1957 gaudet
1154 1895 1300 1945 officio,
1331 1901 1389 1937 cui
1409 1900 1467 1937 vi-

193 1965 305 2010 vendi
325 1971 385 2011 via
403 1967 631 2011 considerata
648 1981 763 2026 atque
779 1968 926 2025 provisa
942 1968 1019 2020 est3
1048 1972 1114 2024 qui
1136 1968 1281 2025 legibus
1308 1966 1464 2024 quidem

819 2038 861 2079 H
894 2051 913 2086 3
1386 2049 1464 2076 non
