1855 2589
1294 131 1384 186 Pag.
1418 143 1438 171 ι

274 246 1319 359 EMBLEMATA

158 458 207 534 S
269 460 333 534 E
391 460 455 535 L
524 461 591 534 E
660 459 723 535 C
786 456 873 537 T
936 461 970 535 I
1032 460 1112 534 o
1183 457 1265 533 R
1326 454 1426 533 Ας.

766 652 794 691 Ι.

370 747 614 788 TUTAM
649 749 743 787 ME
783 747 978 789 COPIA
1017 748 1219 789 FECIT.

297 885 346 924 In
364 883 483 925 medio
502 885 598 924 luxu
608 886 787 934 ficuram
807 885 940 940 degere
958 886 1086 925 vitam
1097 899 1113 929 ;

350 952 567 1007 Haecſsqua
584 953 624 992 in
642 952 786 1000 terris,
817 955 907 994 vita
924 954 1036 996 beata
1046 953 1140 994 mihi
1157 954 1219 1007 est.

231 1067 247 1104 1
274 1068 437 1118 cuipiam
463 1069 680 1120 contingat,
708 1062 799 1103 dum
830 1078 887 1104 res
914 1065 1077 1106 secundae
1106 1064 1190 1104 sunt
1210 1098 1218 1112 ‚
1251 1075 1424 1119 pacatam

258 1145 371 1187 atque
402 1133 639 1187 tranquillam
677 1138 795 1176 vitam
834 1136 966 1191 degere
988 1168 997 1181 ,
1038 1148 1113 1174 non
1143 1132 1197 1174 est
1233 1131 1426 1188 profe&o‚

160 1202 265 1259 quod
295 1201 360 1242 fibi
388 1202 550 1257 amplius
581 1216 601 1240 a
632 1204 718 1242 Deo
736 1203 942 1258 petendum
964 1207 1001 1242 in
1021 1206 1126 1242 terris
1144 1212 1265 1256 putet.
1303 1203 1427 1250 Nam,

160 1285 206 1313 ut
233 1276 287 1312 ait
317 1274 476 1318 Cicero,
507 1271 610 1311 nihil
633 1273 774 1312 homini
803 1274 926 1328 magis
955 1270 1177 1327 optandum,
1208 1271 1565 1348 quampro-jstlffi‘l

149 1345 290 1398 spera,
321 1341 503 1396 aqualis,
526 1342 793 1397 perpetua‘que
812 1344 1000 1394 forztma,
1033 1340 1197 1392 st’cundo
1225 1341 1323 1379 vitae
1340 1340 1501 1391 stnetum.

151 1414 238 1454 ulla
268 1409 458 1465 0ffl²nfione
485 1410 607 1460 cmfit.
664 1411 813 1450 Tamen
833 1425 917 1450 cum
937 1409 1027 1450 illud
1046 1410 1153 1464 plane
1170 1409 1340 1449 divinum
1359 1407 1426 1458 sit,

158 1482 267 1523 rebus
297 1484 453 1520 omnino
483 1493 560 1519 non
589 1483 762 1522 moveri,
801 1495 868 1520 nec
895 1485 1096 1534 quicquam
1137 1478 1200 1519 fibi
1229 1478 1424 1521 adversum

156 1556 258 1607 pati,
289 1535 546 1601 traiiquillam,
577 1546 751 1596 felicem,
781 1561 895 1603 atque
924 1549 1087 1588 securam
1117 1552 1234 1589 vitam
1254 1552 1285 1588 is
1313 1548 1428 1604 clege-

157 1631 196 1658 re
215 1616 313 1657 refle
333 1615 496 1660 dicetur,
528 1618 594 1668 qui
624 1614 760 1655 nullius
788 1616 875 1656 mali
903 1615 967 1656 fibi
997 1615 1163 1655 conscius
1186 1649 1194 1662 ‚
1225 1615 1261 1655 se
1290 1617 1429 1669 suaque

158 1690 285 1726 omnia
305 1685 356 1725 illi
375 1688 602 1731 committit,
634 1689 699 1738 qui
719 1690 826 1727 novit
845 1686 920 1727 suis
938 1686 1142 1727 cultoribus
1162 1700 1325 1742 congrue
1342 1700 1429 1741 pro-

157 1752 282 1793 futura
300 1752 473 1808 praestare.
531 1753 687 1794 Felicem
718 1768 807 1795 vero
839 1760 904 1809 qui
933 1755 968 1795 se
990 1756 1128 1807 jafie&
1162 1755 1265 1809 quod
1286 1755 1427 1796 deliciis

158 1822 308 1869 affluat,
330 1824 424 1864 ‘cum
454 1828 601 1864 interim
622 1838 816 1879 peccatum
847 1826 893 1866 fit
921 1831 957 1866 in
987 1828 1230 1872 conscientia3
1261 1827 1297 1867 ὅ(
1323 1828 1426 1869 sccu-

158 1905 260 1940 rum,
291 1893 395 1947 quod
413 1892 476 1933 fibi
495 1894 540 1934 ab
557 1895 639 1935 aliis
658 1895 748 1935 nihil
768 1900 919 1943 timeat,
952 1912 1036 1937 cum
1065 1898 1123 1937 vel
1144 1913 1164 1937 a
1183 1897 1217 1938 se
1238 1898 1317 1952 ipso
1337 1898 1425 1939 satis

155 1961 291 2005 habeat
320 1963 552 2010 timendum,
585 1968 615 2005 is
644 1964 815 2019 profesto
844 1965 935 2006 mihi
967 1982 1043 2007 non
1074 1967 1197 2022 sapere
1223 1967 1285 2009 sed
1314 1968 1424 2022 plane

812 2038 848 2074 A
1330 2035 1424 2076 desi-
