1855 2589
461 154 1082 204 SELECTIORA.
1366 168 1417 208 ει

736 308 776 347 V
805 309 833 347 Ι.

298 456 300 458 ‚
352 404 625 444 MEDIUM
664 403 973 444 TENUERE
1012 404 1217 446 BEATI.

263 541 313 583 In
334 541 456 581 medio
466 541 598 593 fixzffi’
608 540 803 594 gradum,
825 540 1094 593 pulcherrima
1113 542 1252 582 virtus
1262 558 1275 582 .-

317 611 448 653 ‘Ultra
465 610 681 651 tendentem
699 618 808 650 certa
826 611 943 649 ruina
960 618 1098 652 manet.

283 727 371 764 Imis
389 722 464 763 alta
483 727 549 777 qui
567 732 706 778 petunt
737 719 859 762 subito
887 721 979 778 saepe
1007 722 1091 764 casu
1113 725 1336 765 temeritatis
1356 722 1428 765 suae

281 805 411 846 poenas
430 791 548 833 luunt.
607 793 810 845 Optimum
830 794 868 830 in
887 805 925 832 re
954 791 1120 845 qualibet
1151 792 1339 839 mensura,
1369 807 1431 834 ne-

151 877 226 917 que
245 866 447 916 quicquam
467 858 690 900 tentandum
711 859 806 899 ultra
825 864 922 901 vites
953 859 1190 914 modumque<
1201 881 1209 903 ;
1240 861 1346 915 quod
1378 865 1429 902 ita

154 932 289 975 extulit
312 930 524 971 Hesiodus:

263 1027 383 1082 Me‘rpoe
398 1024 681 1081 φυλάσσεο-θαι,
708 1026 820 1080 καιρές
836 1022 868 1065 δ’
889 1024 945 1066 ἐπὶ
965 1031 1079 1067 ποῖα-ιν
1098 1025 1221 1081 lpas-oq.

266 1103 523 1157 &mensuram
531 1107 678 1157 sbrva,
710 1104 844 1144 modus
861 1105 902 1145 in
922 1119 966 1145 re
985 1104 1035 1158 est
1054 1106 1218 1162 optimus
1236 1108 1346 1148 omni.

154 1204 260 1245 idem
281 1201 355 1243 fere
375 1200 487 1241 habet
504 1200 660 1241 Plautus
680 1206 718 1242 in
729 1201 908 1243 Poenulo:

267 1296 442 1339 §Modus
460 1296 628 1337 omnibus
648 1298 688 1337 in
706 1297 842 1345 rebus,
865 1300 1008 1350 soror,
1038 1299 1087 1353 est
1106 1302 1281 1356 optimus.

157 1399 342 1438 Horatius
361 1394 477 1434 dixit:

269 1492 339 1547 Est
357 1490 488 1532 modus
507 1491 548 1530 in
567 1489 710 1536 rebus,
738 1491 826 1540 finit
846 1492 946 1532 certi
966 1492 1126 1550 denique
1135 1493 1253 1547 fines.

157 1593 244 1631 Huc
263 1592 450 1645 pertinent
466 1592 566 1629 varia
586 1587 924 1644 Apophthegmata
936 1623 945 1636 ‚
958 1605 1120 1644 quorum
1138 1595 1301 1645 primum
1313 1594 1429 1630 maxi-

156 1673 217 1698 me
235 1657 460 1698 celebratum
473 1689 481 1702 ‚
513 1657 550 1696 &
570 1655 660 1696 olim
681 1670 749 1711 pro
763 1654 905 1696 foribus
927 1659 1059 1713 templi
1080 1658 1252 1713 Delphici
1271 1659 1316 1699 ab
1334 1664 1430 1700 Am-

156 1727 423 1783 PhyRionibuS
442 1725 655 1780 inscriptum
669 1760 678 1773 ,
710 1725 811 1775 γνῶθι
830 1726 992 1776 mamb,
1024 1728 1149 1782 Asosce
1167 1739 1206 1770 te
1225 1732 1357 1785 ipfhnt,
1387 1735 1431 1770 In

157 1812 236 1852 quo
256 1797 407 1850 quidem
417 1797 619 1837 proverbio
632 1797 1172 1854 modestiaemediocritatisque
1192 1801 1432 1842 commenda-

158 1870 213 1905 tio
234 1865 308 1912 est,
341 1880 386 1905 ne
406 1865 512 1905 nobis
532 1866 591 1907 vel
612 1872 754 1920 majora
773 1901 782 1914 ‚
813 1869 873 1909 vel
902 1874 1015 1912 etiam
1047 1871 1197 1927 indigna
1224 1872 1432 1926 sequamur,

160 1935 290 1987 Qmm
309 1934 528 1975 sententiam
550 1940 600 1976 ita
619 1939 842 1992 complexus
870 1940 923 1981 est
942 1940 1146 1984 Pindarus:
1178 1941 1281 1987 θνητοδ
1311 1942 1432 1989 θνητοῖς

159 2002 301 2056 τρέπειε
332 2003 531 2045 Mortalia
549 2007 734 2047 mortales
753 2006 898 2048 decent.
964 2009 1140 2052 Alterum
1160 2012 1214 2053 est
1233 2012 1323 2053 illud
1343 2016 1432 2054 Por-

789 2079 817 2117 B
850 2093 873 2118 2
1331 2085 1428 2141 phy.
