1855 2589
477 121 1098 164 SELECTIORA.
1378 141 1431 178 49

714 261 881 302 xxv.

226 358 501 410 AEQUALE
540 357 675 406 ms,
716 359 989 411 AEQUALE
1030 357 1372 400 POTESTAS.

294 492 454 548 QAEquo
460 493 561 547 jure
579 494 688 534 valet
708 494 860 550 quavis
879 502 1030 549 aequata
1047 492 1240 548 potestas.-

348 563 506 620 Hocqne
534 566 663 606 minus
674 565 814 618 juris,
846 577 916 618 quo
935 566 1059 604 minor
1087 563 1183 616 ensts
1199 565 1291 605 erit,

305 662 445 698 Eminit
464 659 703 706 Plutarchus,
737 673 780 700 ut
797 659 987 713 quondam
1010 660 1081 716 legi
1102 695 1111 707 ,
1142 660 1265 701 senem
1297 665 1429 701 Antio-

328 725 441 765 chum
470 724 610 768 irrisisl‘e
640 728 832 769 hominem
848 764 856 776 ,
897 734 961 783 qui
983 726 1046 768 sibi
1066 728 1173 767 urbes
1203 728 1338 768 alienas
1361 743 1430 783 op-

159 801 341 852 pugnanti
361 802 674 838 commentarium
703 798 750 839 de
771 800 917 851 justitia
936 798 1134 840 adferebat.
1191 799 1429 852 Opinalmtur

157 871 257 906 enim
271 900 280 912 ‚
306 870 399 917 juris
418 865 493 907 sive
503 866 594 918 justi
614 867 707 908 nihil
727 883 858 924 praeter
878 876 984 911 inane
1017 883 1155 908 nomen
1184 868 1360 915 existere,
1392 870 1430 909 &

157 937 195 977 id
214 934 286 977 effe
304 941 443 990 aequius
464 937 570 990 quod
600 938 778 988 validius;
810 940 883 982 five
914 953 957 981 ur
976 942 1134 979 Tacitus
1165 938 1323 978 eandem
1351 939 1431 979 sen-

157 1009 315 1045 tentiam
335 1003 506 1059 expreffit
530 1023 540 1052 ς
575 1005 628 1044 Id
653 1008 720 1056 effi>
733 1010 814 1060 jus
834 1039 850 1054 ,
889 1006 990 1062 qnod
1015 1007 1051 1046 ei
1079 1006 1145 1060 qni
1163 1006 1260 1060 plus
1279 1006 1428 1061 potest,

157 1075 254 1115 utile
282 1073 343 1125 est.
398 1073 502 1114 Idem
522 1074 630 1115 sensit
650 1076 863 1116 Carneades
878 1110 886 1123 ‚
919 1078 955 1116 ὃ(
977 1076 1132 1131 probare
1152 1088 1308 1116 conatur
1319 1091 1366 1117 eo
1376 1092 1431 1117 ar-

156 1157 357 1201 gumento‚
389 1143 494 1198 quod
514 1159 646 1186 omnes
666 1145 838 1186 homines
850 1159 979 1187 natura
998 1145 1092 1186 duce
1112 1144 1275 1185 ferantur
1286 1145 1332 1186 ad
1347 1147 1431 1190 suas

154 1214 337 1255 utilitates
350 1248 359 1261 ‚
390 1227 504 1268 atque
524 1215 680 1269 proinde
700 1215 763 1256 fibi
785 1231 852 1272 pro
865 1216 1030 1257 moribus
1041 1220 1139 1257 varia
1160 1213 1405 1266 sanxiffejura
1420 1252 1429 1265 ‚

156 1299 237 1338 quae
253 1283 317 1324 sibi
337 1285 442 1325 utilia
464 1285 744 1332 arbitrarentur,
776 1287 869 1341 saepe
889 1283 1239 1326 etiam&1nutasse2
1270 1284 1369 1324 unde
1379 1283 1429 1324 se-

151 1365 329 1406 queretur
347 1352 491 1392 nullum
509 1351 662 1404 darijus
683 1354 850 1394 naturale
863 1387 871 1401 ,
903 1353 1006 1408 quod
1020 1354 1055 1393 8<
1069 1353 1344 1394 statuiffloeta:

289 1447 380 1488 Nec
396 1457 540 1489 natura
548 1448 780 1504 potcstjusto
789 1451 992 1502 ficernere
1011 1451 1192 1506 iniqmtm.

205 1546 436 1602 Qianquam
454 1560 544 1587 vero
565 1545 638 1586 hoc
658 1550 812 1587 minime
831 1546 1111 1587 concedendum
1124 1574 1133 1588 ‚
1164 1545 1345 1600 siquidem
1357 1547 1425 1588 lio-

148 1619 238 1656 mini
257 1621 406 1671 propria
425 1617 480 1657 est
499 1621 690 1672 appetitus
700 1617 887 1657 societatis
900 1651 908 1664 ‚
942 1616 979 1657 id
990 1617 1044 1657 est
1054 1622 1335 1658 communitatis
1346 1633 1423 1658 non

141 1687 408 1743 qualiscunque
427 1688 489 1729 sed
511 1688 715 1742 tranquillae
729 1722 738 1736 ,
768 1700 882 1742 atque
903 1687 1059 1743 proinde
1071 1689 1242 1743 quaedam
1262 1703 1424 1744 propen-

148 1757 202 1799 sio
222 1757 269 1798 ad
287 1773 330 1799 ea
349 1757 423 1798 fine
443 1757 578 1811 quibus
607 1758 667 1798 illa
686 1757 841 1798 societas
870 1762 1024 1798 minime
1052 1759 1255 1801 conservari
1274 1761 1422 1814 potest3

146 1841 274 1869 tamen
299 1833 479 1883 quoniam
499 1829 667 1870 nonnulli
686 1828 802 1883 usque
821 1828 918 1869 adeo
942 1828 1135 1870 indomitis
1153 1830 1421 1885 cupiditatibus

146 1903 355 1954 agitantur,
386 1912 430 1939 ut
449 1904 595 1940 interim
607 1899 698 1954 quid
717 1898 764 1939 ad
782 1913 1024 1940 communem
1044 1902 1258 1941 societatem
1277 1900 1421 1940 condu-

127 1981 228 2023 ¹cat,
259 1974 413 2011 minime
431 1969 643 2017 attendant,
675 1969 737 2010 alii
756 1970 854 2010 alios
872 1974 1149 2025 opprimentes,
1179 1985 1221 2011 ac
1231 1969 1419 2011 denudan-

783 2040 822 2078 G
1340 2051 1416 2081 tes„
