1855 2589
505 113 1132 164 SELECTIORA
1403 135 1455 173 ῃ

729 254 896 296 xxx

188 361 462 408 NuchM
490 360 606 403 Essn
632 361 732 416 QUl
760 361 935 409 νυιτ,
958 362 1157 405 NUCEM
1184 350 1456 410 FRANGAi‘.

291 500 374 543 Nil
380 500 517 556 pulcri
526 507 642 555 patet
661 499 831 555 ignavis.
860 497 994 540 Labor
1012 500 1137 540 omnia
1144 499 1334 555 praestat·.·

347 569 439 612 Non
457 571 544 626 apis
563 569 700 624 absque
719 568 795 608 ullo
812 568 927 609 mella
947 568 1077 610 labore
1095 569 1200 625 legit.

297 681 349 720 Ui
377 676 624 733 commodum
644 681 811 732 appetit,
842 679 890 718 ne
906 677 1025 733 fugiat
1043 677 1223 719 l'aborem.
1254 664 1335 733 Qii
1355 694 1456 735 qute-

324 751 372 789 rit
391 745 646 801 voluptatem,
677 750 781 800 prius
810 749 1022 801 experiatur
1048 745 1242 793 sadotem,
1272 746 1348 788 sme
1374 741 1454 803 qud

176 833 255 860 non
274 829 424 874 paratur
441 829 529 857 vera
547 813 736 869 voluptas.
794 813 1004 866 Generosos
1031 817 1203 866 animos,
1233 821 1355 872 inquit
1384 820 1447 860 Se·
1464 841 1591 877 Εμχιη

177 904 286 936 neca,
317 887 426 928 labor
443 887 573 926 nutrit
583 899 601 930 ;
632 883 800 924 laborem
824 883 862 932 fi*
882 888 1059 937 recust’s,
1081 896 1225 942 parum
1243 891 1310 940 effe
1318 898 1446 944 potes.

177 961 268 1001 Non
287 958 341 999 est
356 961 426 999 viri
444 961 576 998 timere
591 953 779 996 sudorem
832 953 905 1010 lpfi
923 969 1014 1011 apes
1035 971 1110 998 non
1130 957 1205 1000 fine
1216 957 1341 999 labore
1359 959 1449 1001 mel-

173 1029 209 1070 la
227 1028 376 1085 legunt3
405 1030 458 1066 ita
484 1036 527 1066 tu
556 1036 710 1078 quoque
737 1032 814 1064 non
842 1022 916 1065 sme
943 1024 1068 1067 labore
1095 1027 1298 1082 quicquam
1324 1032 1449 1084 capies

168 1097 340 1152 jucundi.

308 1194 400 1236 Non
430 1194 628 1251 quisquam
643 1194 807 1248 fruitur
833 1194 948 1234 veris
976 1193 1178 1244 odoribus,
1462 1203 1600 1248 claudian.

307 1261 352 1302 Si
369 1261 505 1312 fronti
532 1272 675 1302 caveat
687 1295 706 1309 2,
717 1261 764 1313 fi
783 1263 921 1303 timeat
948 1260 1063 1302 rubos
1460 1251 1573 1310 Ξρζζῖἷ·

306 1333 482 1376 ιΑνηιαῑ
492 1337 494 1339 ’
500 1332 617 1387 spina
645 1334 766 1385 rosas.

226 1430 285 1470 Ut
302 1432 402 1469 enim
415 1461 424 1476 ,
454 1442 536 1483 quae
556 1426 725 1484 praeclata
740 1427 846 1476 sunt,
864 1432 929 1470 vix
939 1427 1061 1471 multo
1071 1427 1174 1470 cultu
1193 1432 1441 1484 proveniunt:

169 1511 299 1540 contra
319 1513 418 1554 caepe
431 1530 445 1546 ,
473 1499 600 1539 allium
613 1532 622 1546 ,
653 1499 691 1540 ἃ
709 1498 881 1553 quaedam
901 1499 1117 1554 hujusmodi
1143 1499 1231 1541 vllia
1254 1505 1369 1541 etiam
1385 1515 1439 1541 re-

168 1569 291 1627 poslta
309 1582 374 1610 aut
391 1569 559 1625 suspensa
578 1568 775 1625 proferunt
791 1570 882 1613 sese:
913 1575 965 1612 ita
983 1585 1064 1626 quae
1082 1572 1165 1612 sunt
1181 1575 1327 1627 egregia
1339 1605 1348 1618 ,
1362 1586 1439 1613 non

169 1639 235 1681 nist
255 1640 378 1681 multo
396 1643 620 1695 contingunt
638 1637 782 1680 labore:
812 1652 894 1694 quae
913 1640 1030 1688 mala,
1042 1640 1172 1696 passim
1183 1641 1292 1682 obvia
1304 1641 1398 1683 sunt.

248 1734 340 1778 Non
359 1737 501 1778 etenim
505 1736 604 1789 fieri
620 1737 812 1792 egregium
831 1750 877 1779 ac
895 1737 1135 1780 memorabile
1152 1738 1358 1794 quicquam

304 1807 485 1863 tAbsque
512 1806 642 1848 labore
658 1807 794 1864 potest.

164 1891 268 1933 Hinc
284 1889 376 1931 illud
394 1891 611 1948 vulgatum:

247 1972 331 2032 Qi
349 1973 370 2015 ἑ
385 1986 480 2016 nuce
497 1974 670 2018 nucleum
687 1976 756 2027 tffl’
774 1974 865 2015 vult
877 2007 887 2024 ,
907 1988 1041 2019 nucem
1047 1976 1233 2033 frangat.

765 2043 795 2083 Ε
829 2055 849 2090 3
1314 2038 1435 2094 Quod
