1855 2589
418 131 472 177 ἑο
743 126 1361 174 EMBLEMATA

419 229 566 281 imperii
585 225 755 265 terminis
766 223 1132 266 circumscribendam
1145 258 1154 273 ‚
1184 224 1246 265 sed
1257 225 1295 265 &
1304 224 1473 280 undique
1483 222 1596 282 longe
1607 225 1697 268 late-

421 310 496 350 que
505 294 552 335 ad
565 293 748 334 finitimos
758 293 924 349 populos
935 294 1202 336 dimanantem.
1214 293 1416 336 Trifariam
1428 309 1517 336 vero
1529 299 1585 336 uti
1605 296 1695 337 lice-

422 364 477 404 bit
488 364 560 404 hoc
569 364 794 406 Proverbioz
825 368 990 419 primum
1010 364 1037 407 fi
1049 365 1200 420 quando
1211 364 1499 406 admonebimur
1511 399 1520 412 ,
1551 365 1698 405 diutius

423 433 704 473 deliberandum
716 466 725 480 ,
758 446 873 486 quam
892 434 1150 490 aggrediamur
1178 439 1376 491 negocium
1400 455 1409 476 :
1448 435 1698 490 posteaquam

423 501 624 543 statuimus
637 535 646 549 ,
678 514 762 541 tum
771 500 950 543 velociter
969 503 1243 559 peragendum:
1274 516 1413 543 namut
1433 503 1480 543 ad
1491 503 1699 544 consultan-

424 571 463 612 di
474 586 620 613 moram
631 576 814 627 pertineat
823 586 957 614 ancora
970 606 979 621 ,
1011 577 1063 614 ita
1073 573 1121 614 ad
1131 573 1351 613 conficiendi
1370 574 1599 613 celeritatem
1620 571 1700 613 del-

423 642 574 699 phinus.
605 645 695 683 Huc
705 647 868 699 pertinet
887 643 979 684 illud
989 644 1251 684 Sallustianum
1263 664 1271 685 ι
1282 643 1504 698 Antequam
1514 643 1702 698 incipias,

425 713 614 767 confimo:
645 713 686 756 65
705 713 769 754 ubi
789 714 1050 767 confitlueris,
1079 724 1230 755 mature
1247 715 1361 767 saffo
1387 724 1478 768 opus
1498 712 1557 768 est.
1595 714 1703 755 Alter

424 781 626 836 usurpandi
638 781 775 822 modus
787 785 856 821 erit
868 814 877 828 ,
889 796 974 822 cum
986 780 1271 823 admonebimur
1281 781 1435 823 affectus
1446 784 1561 821 animi
1573 814 1583 828 ,
1595 781 1703 822 velu-

424 855 454 892 ti
476 856 632 892 rationis
652 851 804 892 habenis
825 851 1082 907 reprimendos
1094 849 1178 893 effe.
1208 851 1402 906 Siquidem
1413 852 1522 892 Plato
1533 856 1704 893 animum

424 920 592 962 hominis
612 925 649 962 in
659 934 734 962 tres
744 926 903 977 partitus
921 935 1068 977 partes,
1089 927 1271 963 rationem
1285 955 1294 969 ,
1308 920 1535 961 iracundiam
1548 954 1557 968 ‚
1570 936 1706 962 concu-

425 991 642 1047 piscentiam
655 1025 664 1039 ‚
695 996 733 1031 in
752 990 828 1030 hoc-
845 989 1093 1045 Philosophiae
1102 990 1287 1031 summam
1308 990 1415 1031 fitam
1427 987 1500 1031 esse
1510 1003 1622 1045 putat
1634 1024 1644 1038 ‚
1676 989 1705 1031 s1

424 1056 582 1099 affeetus
592 1071 745 1114 pareant
755 1063 891 1099 rationi
910 1073 986 1099 non
997 1058 1102 1099 aliter
1113 1074 1225 1113 quam
1237 1063 1333 1115 regi:
1365 1062 1423 1097 cui
1435 1056 1588 1111 quidem
1601 1057 1650 1097 ob
1664 1056 1703 1097 id

427 1129 549 1185 ipsum
559 1129 683 1170 sedern
695 1133 731 1169 in
741 1129 891 1170 cerebro
905 1162 914 1177 ,
944 1130 1097 1171 velutin
1106 1145 1187 1171 arce
1196 1129 1328 1170 datum
1340 1128 1540 1170 existimat.
1569 1128 1705 1167 Tertia.

427 1199 560 1241 utendi
583 1204 679 1240 ratio
689 1204 780 1241 erit,
808 1215 893 1240 cum
905 1199 1212 1248 admonebimur,
1244 1205 1280 1240 in
1292 1204 1396 1240 omni
1415 1201 1570 1254 negotio
1584 1202 1708 1238 vitan-

425 1270 515 1311 dam
534 1275 762 1326 praecipitem
773 1272 1025 1320 celeritatem3
1055 1270 1161 1326 quod
1171 1275 1307 1312 vitium
1320 1268 1540 1325 quibusdam
1552 1271 1708 1325 ingeniis

426 1342 662 1398 peculiariter
681 1341 832 1381 insitum
851 1342 926 1389 est,
958 1354 1001 1381 ut
1022 1342 1093 1381 illis
1113 1346 1149 1381 in
1169 1345 1274 1381 omni
1304 1355 1342 1381 re
1371 1339 1707 1394 quantulacunque

430 1427 536 1453 mora
575 1412 688 1468 longa
725 1411 910 1453 videatur.
973 1411 1203 1464 Hujusmodi
1250 1410 1500 1452 festinationis
1545 1414 1708 1450 comites

430 1482 503 1524 esse
522 1481 642 1523 solent
661 1496 762 1522 error
781 1483 817 1522 ἃ
838 1487 1061 1538 poenitentia
1073 1486 1184 1534 juxta
1201 1481 1422 1524 versiculum
1443 1480 1544 1538 apud
1556 1483 1706 1523 Graecos

430 1551 634 1594 celebrem:

542 1616 723 1664 miultis
751 1624 937 1664 malornm
965 1626 1079 1677 cansa
1108 1623 1157 1677 est
1175 1624 1483 1679 praecq'pitantia.

432 1696 508 1735 His
519 1694 765 1735 occinendum
777 1694 900 1734 nobile
912 1695 1001 1734 illud
1013 1696 1173 1735 Catonis
1191 1693 1351 1735 dichxm:
1384 1694 1455 1735 Sat
1473 1695 1549 1735 cito
1562 1727 1570 1741 ,
1589 1693 1628 1745 st
1637 1695 1708 1746 stzt

432 1764 545 1805 bene:
575 1769 682 1816 cujus
699 1769 932 1805 mentionem
950 1763 1039 1805 fecit
1057 1764 1167 1805 divus
1186 1769 1339 1805 Hieron.
1354 1764 1512 1805 scribens
1530 1764 1578 1804 ad
1597 1767 1709 1804 Pam-

430 1835 620 1877 machiur'n
634 1839 670 1875 in
681 1835 754 1877 haec
765 1837 894 1877 verba:
926 1835 1133 1891 Scitnmcst
1143 1836 1247 1877 illud
1265 1829 1409 1891 quoqne
1421 1836 1606 1877 Catonis:
1635 1836 1709 1877 Sat

432 1907 528 1952 cim,
549 1905 668 1957 sistet
686 1906 802 1955 bene,
834 1907 935 1963 qnod
950 1921 1018 1947 nos
1037 1907 1225 1963 qnondam
1253 1907 1543 1960 adolescentuli,
1575 1920 1662 1947 cum
1680 1907 1708 1948 ci

425 1977 599 2034 perfecJo
610 1987 762 2020 oratore
781 1980 822 2019 in
831 1979 1141 2035 praefatinncula
1161 1979 1357 2021 diceretur
1369 2011 1378 2027 ,
1407 1978 1568 2031 rffimns.

1507 2044 1577 2085 VI.
1607 2045 1709 2086 ME-
