1855 2589
489 118 1106 164 SELECTIORA.
1385 138 1436 175 57

712 258 752 299 X
781 261 820 300 X
850 262 944 307 LX.

324 357 494 398 ASTU
531 356 866 396 DOMATUR
908 355 1294 398 VIOLENTIA.

276 493 391 552 Quid
405 495 491 534 ruis
511 491 723 546 immensis,
753 491 857 539 Leo,
875 492 1016 545 fretus
1042 493 1225 539 viribu55
1254 508 1355 541 ecce„

334 560 501 616 Frustra
519 577 585 603 es:
603 563 701 618 plus
719 561 821 610 astus
841 560 1103 617 ingeniumque
1122 559 1268 603 valent.

296 700 407 736 Arrat
425 696 644 737 Munsterus
665 700 702 736 in
718 695 782 736 sua
800 693 1097 751 Cosmographia
1110 709 1228 742 ,anno
1247 695 1352 752 supra
1364 696 1444 736 mil-

169 784 210 800 ..-
322 762 493 805 lefimum
523 762 890 820 quadringentefimo
914 796 924 810 ,
962 763 999 802 &
1028 762 1299 818 septuagesimo
1319 796 1328 811 ‚
1360 775 1444 804 orta

166 824 386 870 diffenfione
416 835 510 871 inter
552 830 778 886 Episcopum
816 832 853 870 &
889 835 989 872 cives
1028 830 1274 871 colonienses
1298 864 1306 877 ,
1345 829 1446 871 duos

167 897 332 940 Ecclefiae
361 899 595 941 Cathedralis
628 903 844 941 Canonicos
872 900 1060 940 consulem
1090 900 1280 954 quendam
1309 899 1373 941 fibi
1393 905 1446 940 in-

165 965 306 1013 visum,
337 966 538 1021 postquam
559 982 646 1008 eum
665 967 786 1009 verbis
815 966 958 1007 blandis
987 966 1035 1006 ad
1066 967 1263 1022 prandium
1295 968 1447 1009 invitas-

165 1037 265 1084 sent,
297 1035 426 1078 fraude
446 1039 632 1086 sslefffflm,
663 1052 813 1078 camerae
842 1036 916 1078 five
944 1052 1106 1078 cavernae
1137 1037 1316 1079 inclufiffe
1336 1066 1346 1081 ‚
1377 1053 1445 1094 pa-

166 1120 248 1147 rato
278 1107 347 1155 ibi,
379 1122 492 1162 quem
514 1109 698 1150 habebant
720 1111 869 1155 Leone,
893 1111 974 1159 jam
1006 1107 1092 1148 satis
1113 1107 1212 1149 fame
1232 1123 1442 1159 macerato,

166 1191 210 1218 ut
241 1177 432 1220 hominem
462 1183 592 1220 vivum
612 1179 806 1220 laceraret:
837 1178 942 1218 illum
961 1192 1073 1226 vero,
1107 1177 1256 1219 fimulac
1276 1183 1446 1221 Leonem

169 1251 368 1288 irruentem
398 1247 546 1290 vidisset
567 1276 576 1290 ‚
606 1253 779 1303 protinus
809 1263 963 1289 manum
991 1248 1122 1290 lacinia
1151 1249 1289 1290 testam
1318 1249 1447 1290 belluae

166 1321 309 1373 gutturi
340 1316 540 1374 ingeffiffe,
570 1331 685 1372 atque
715 1318 788 1358 hoc
819 1318 936 1359 modo
969 1333 1062 1374 pene
1083 1317 1300 1360 suffocatam
1322 1319 1448 1375 gladio

167 1385 355 1439 trajecisse.
412 1387 659 1443 Lysimachus
688 1402 841 1442 quoque
865 1421 874 1435 ‚
906 1387 1127 1444 Agathoclis
1157 1388 1276 1436 filius,
1308 1390 1450 1433 saeviffi-

168 1471 232 1497 mo
264 1459 381 1496 Leoni
400 1455 569 1508 objeffzus
597 1456 718 1496 subito
740 1471 891 1496 manum
904 1456 1016 1511 pallio
1039 1457 1198 1496 involvit
1219 1491 1228 1505 ,
1266 1470 1381 1512 atque
1400 1475 1444 1503 ea

167 1532 223 1567 ori
242 1526 368 1566 belluae
400 1526 568 1582 ingesta,
609 1525 792 1579 fimulquc
829 1524 1015 1581 praehensa
1054 1531 1133 1578 ejus
1173 1527 1298 1582 lingua
1336 1527 1442 1570 facile

168 1602 347 1638 enecavit.
405 1599 565 1652 Capitur
593 1600 708 1637 etiam
738 1599 818 1637 Leo
849 1596 983 1637 velatis
1011 1596 1149 1644 oculis,
1182 1610 1225 1637 ut
1254 1596 1312 1639 his
1332 1598 1444 1640 verfi-

169 1670 238 1710 bus
260 1683 336 1709 non
367 1683 478 1709 nemo
509 1671 648 1708 innuit:

307 1764 472 1805 Vincere
495 1764 536 1813 st
546 1767 699 1817 flevum
727 1764 836 1818 cupis
866 1763 906 1807 [5
935 1765 1090 1805 vincire
1118 1764 1306 1808 Leonem:

363 1834 445 1875 Fac
474 1835 598 1875 oculos
626 1836 788 1881 vincas,
820 1833 861 1877 {5
893 1832 971 1875 Leo
1005 1836 1139 1875 vifft'us
1168 1847 1270 1877 ertt:

308 1905 356 1945 In
378 1905 522 1960 pugnis
550 1905 646 1945 oculi
665 1905 840 1960 primum
869 1904 1084 1945 vincuntur
1114 1905 1154 1948 Εὖ
1187 1920 1326 1946 aures:

367 1971 536 2013 Lumina
565 1974 632 2029 qui
649 1974 784 2029 potuit
813 1973 993 2021 vincere,
1024 1974 1155 2015 viHor
1184 1974 1278 2015 abit.

829 2044 870 2083 H
1363 2043 1448 2082 Do-
